3293 4057
1680 360 1744 369 .-
1821 339 1881 383 12
1952 365 2020 375 .-

880 472 986 524 Quis
1013 485 1141 528 ρεπεν
1163 489 1172 515 :
1195 474 1340 518 Nullus
1367 478 1501 531 inquit
1545 489 1689 519 romae
1731 478 1859 534 elegit
1890 490 2091 533 generum
2125 489 2348 532 pauperem
2378 482 2418 520 et
2445 477 2626 520 nobilem
2658 481 2704 518 ut
2734 475 2775 519 ei
2801 475 2927 518 tiliam

746 546 877 590 nubat
905 546 981 591 sed
1012 550 1171 592 tantum
1198 552 1243 593 ut
1271 549 1394 594 diues
1423 551 1489 594 sit.
1523 550 1576 595 de
1603 551 1788 595 moribus
1821 554 1956 595 autem
1985 561 2069 594 non
2096 552 2236 603 curat3
2726 550 2728 552 ’

881 619 909 649 *
938 619 1177 665 Sarcinult‘s
1200 639 1209 666 :
1228 624 1592 678 possessiunculis.

881 695 1116 738 aedilibus:
1141 697 1283 740 Ediles
1318 697 1511 740 dicuntur
1549 698 1618 753 qui
1654 698 1801 740 edibus
1840 701 2050 753 praesunt.
2094 696 2174 740 hoc
2217 701 2352 739 autem
2389 697 2484 740 loco
2524 710 2601 753 pro
2644 696 2852 741 nobilibus
2884 702 2927 741 et

746 769 948 813 diuitibus
980 770 1112 813 ediles
1145 771 1294 826 posuit.
1352 784 1558 826 nunquam
1597 771 1729 826 inquit
1774 771 1923 826 aliquis
1965 771 2119 814 nobilis
2156 782 2313 826 pauper
2341 775 2383 813 et
2424 772 2592 827 sapiens
2624 772 2678 816 ad
2709 772 2972 815 consiliunt-'fi

744 856 894 888 romae
924 850 1122 896 uocatur3

884 929 1000 971 haud
1022 928 1180 983 facile:
1203 929 1470 972 Prouerbium
1511 932 1575 971 est
1611 928 1810 983 generale
1848 931 1888 969 et
1917 931 1980 969 est
2007 938 2170 969 sensus.
2202 926 2355 981 ubique
2395 927 2527 982 inquit
2552 927 2594 970 hi
2623 930 2694 983 qui
2721 941 2928 985 pauperes

747 1007 845 1047 sunt
871 1003 972 1046 licet
998 1003 1206 1057 sapientes
1238 1003 1320 1046 sint
1348 1001 1517 1045 difficile
1548 1001 1820 1045 sublimantur
1851 999 1903 1043 ad
1935 999 2149 1055 quodlibet
2189 999 2362 1044 honoris
2391 999 2567 1043 culmen.
2602 999 2758 1045 Romae
2790 1007 2927 1046 autem

749 1078 878 1120 multo
910 1077 1120 1119 difficilius
1138 1091 1149 1128 ;

883 1160 910 1189 ὓ
939 1162 1180 1214 emer-qum:
1208 1162 1436 1213 exsurgunt
1463 1159 1516 1202 de
1544 1158 1638 1203 imis
1669 1159 1721 1201 ad
1748 1170 1920 1201 summa.
2947 1148 2995 1201 to

889 1237 917 1261 ⁴*
944 1245 1119 1288 maqno:
1146 1233 1280 1287 pretio
1314 1237 1478 1275 constat
1507 1233 1604 1275 illis.

884 1310 912 1334 θ
943 1319 1163 1348 seruorum
1192 1310 1360 1348 uentre:
1387 1322 1397 1347 ε
1421 1319 1527 1361 quos
1551 1311 1739 1362 pascant.

881 1391 1051 1445 negauit
1070 1407 1080 1433 :
1102 1390 1316 1433 Camillum
1347 1392 1578 1446 scipionem
1611 1392 1713 1434 dicit
1742 1393 1810 1446 qui
1842 1404 1933 1433 cum
1957 1396 2069 1434 esset
2099 1405 2121 1434 a
2149 1392 2330 1434 romanis
2361 1389 2468 1444 apud
2498 1389 2668 1431 sabinos
2716 1388 2785 1431 uel
2814 1401 2930 1431 mar-

746 1477 820 1508 sos
851 1465 894 1506 in
925 1465 1093 1507 exilium
1122 1466 1276 1507 missus
1306 1466 1466 1508 audiuit
1493 1465 1631 1521 gallos
1663 1465 1716 1508 de
1747 1466 1945 1520 capitolio
1971 1479 2114 1508 romae
2145 1465 2295 1508 uexilla
2333 1476 2503 1506 romana
2534 1463 2755 1505 abstulisse
2787 1467 2827 1505 et
2855 1477 2929 1506 se-

745 1551 839 1581 cum
865 1543 1073 1593 portasse.
1105 1551 1304 1594 egressus
1335 1552 1440 1595 ergo
1471 1539 1524 1582 de
1565 1540 1692 1582 exilio
1726 1544 1821 1595 post
1864 1552 1938 1582 eos
1971 1540 2092 1596 gallis
2130 1539 2357 1582 interfectis
2401 1539 2520 1594 signa
2551 1540 2781 1592 reportauit
2815 1543 2855 1580 et
2883 1539 2926 1580 in
2946 1543 2992 1577 15

746 1610 916 1655 exilium
947 1611 1069 1653 redit.
1131 1612 1244 1654 Tunc
1275 1625 1300 1654 a
1329 1614 1517 1654 romanis
1551 1617 1616 1655 est
1641 1617 1878 1655 reuocatus.
1940 1614 2048 1655 Dicit
2085 1625 2188 1668 ergo
2221 1612 2405 1654 camillus
2437 1611 2719 1653 nobilissimus
2753 1616 2794 1654 et
2824 1623 2928 1665 pru-

744 1684 1012 1727 dentissimus
1042 1697 1310 1728 romanorum
1339 1687 1513 1742 negauit
1549 1690 1668 1741 turpe
1697 1699 1794 1729 esse
1824 1687 1861 1729 si
1893 1688 1985 1742 quis
2016 1686 2166 1729 nobilis
2209 1687 2251 1727 in
2281 1697 2381 1728 uase
2413 1689 2583 1728 cenaret
2608 1686 2754 1738 fictili;

882 1762 1178 1812 contentusque
1208 1773 1218 1800 ε
1255 1759 1484 1802 Contentus
1520 1764 1673 1802 ueneto
1704 1760 1731 1801 i.
1761 1763 1881 1802 ueste
1922 1759 2061 1802 ueneti
2093 1758 2246 1799 coloris
2289 1769 2394 1812 quae
2428 1761 2491 1799 est
2522 1758 2663 1811 utique
2705 1757 2815 1799 uilis.
2850 1770 2930 1799 cu-

746 1832 898 1874 cullum
926 1844 1063 1888 genus
1096 1836 1160 1874 est
1192 1833 1325 1875 uestis
1371 1845 1492 1887 quam
1524 1846 1692 1888 cappam
1722 1845 1935 1875 uocamus.
1968 1834 2132 1888 proprie
2163 1836 2297 1874 autem
2325 1831 2476 1886 pileum
2504 1831 2742 1886 significat3

879 1908 909 1934 ⁴*
940 1906 1130 1959 duroque
1159 1907 1186 1948 i.
1219 1907 1429 1962 grossiori
1458 1911 1590 1951 veste.
1623 1908 1780 1950 rustica
1812 1907 1971 1950 subula.
2946 1905 2999 1942 2⁰

881 1991 993 2035 Pars
1021 2004 1210 2046 mayna:
1239 1992 1511 2036 Etruscorum
1550 1993 1769 2036 honestam
1807 1994 1940 2050 tangit
1970 1993 2309 2037 consuetudinem
2349 1991 2456 2046 apud
2489 2004 2592 2046 quos
2623 2003 2747 2034 nemo
2778 1990 2932 2034 cultio-

741 2080 834 2110 rem
860 2067 1051 2109 sumebat
1079 2066 1264 2109 habitum
1296 2067 1492 2121 quamdiu
1520 2068 1684 2111 uiueret
1717 2069 1800 2110 nisi
1841 2068 1937 2111 dum
1966 2068 2008 2110 in
2036 2068 2190 2111 feretro
2228 2070 2413 2110 mortuus
2441 2066 2683 2121 portabatur
2712 2065 2765 2108 ad
2795 2069 2935 2108 tumu-

747 2139 847 2181 lum.
876 2140 1014 2194 posuit
1045 2144 1182 2182 autem
1209 2139 1292 2182 hoc
1323 2140 1420 2183 loco
1454 2145 1595 2196 togam
1625 2154 1701 2196 pro
1733 2142 1915 2196 qualibet
1945 2145 2087 2185 ornata
2117 2145 2260 2193 ueste;

884 2212 1045 2255 theatro
1084 2213 1111 2255 i.
1160 2213 1203 2255 in
1247 2225 1409 2268 campo.
1479 2214 1581 2257 Nam
1612 2215 1817 2258 theatrum
1856 2219 1993 2270 potest
2021 2215 2108 2258 lieri
2139 2215 2179 2256 in
2217 2226 2463 2269 quocunque
2492 2214 2587 2257 loco
2619 2214 2689 2257 uel
2717 2217 2832 2257 extra
2860 2213 2929 2255 uel

683 2293 688 2302 ¹
744 2283 857 2326 infra
891 2284 1113 2327 ciuitatem.
1159 2285 1501 2340 amphitheatrum
1536 2290 1671 2329 autem
1714 2299 1799 2329 non
1835 2287 1916 2329 nisi
1957 2287 1997 2328 in
2040 2287 2203 2329 ciuitate
2247 2286 2382 2329 fiebat.
2443 2286 2606 2328 Theoro
2638 2286 2746 2329 enim
2779 2287 2931 2330 dicitur
2946 2291 2995 2327 25

743 2356 887 2401 uideo.
919 2357 1019 2399 hinc
1049 2357 1254 2400 theatrum
1283 2358 1522 2413 ubicunque
1554 2359 1722 2413 aliquod
1756 2360 1798 2401 fit
1826 2359 2115 2415 spectaculum.
2157 2360 2194 2401 si
2225 2359 2390 2414 quando
2418 2359 2547 2413 inquit
2576 2358 2748 2414 populus
2771 2360 2932 2403 tusciae

746 2430 929 2484 aliquam
961 2429 1182 2473 celebrans
1219 2431 1485 2484 festiuitatem
1515 2432 1567 2473 ad
1598 2433 1879 2486 spectaculum
1912 2435 1954 2474 in
1982 2447 2103 2475 unum
2145 2435 2314 2475 confluit
2343 2446 2429 2475 non
2460 2434 2517 2474 ibi
2545 2433 2649 2474 alius
2680 2433 2763 2473 alio
2795 2433 2934 2473 ambi-

747 2503 935 2546 cioribus
966 2503 1097 2545 utitur
1126 2504 1312 2546 uestibus
1340 2505 1416 2546 sed
1451 2505 1725 2559 aequalibus3

885 2580 914 2604 ¹*
948 2576 1152 2618 Heu-hosis
1179 2578 1207 2619 i.
1241 2580 1436 2633 euagatio
1464 2583 1615 2632 poetae
1655 2593 1745 2622 rem
1775 2592 1860 2621 non
1887 2581 2164 2623 necessariam
2193 2580 2452 2622 describens.

885 2649 1095 2692 &odium
1123 2650 1277 2694 dicitur
1308 2652 1519 2695 inchoatio
1551 2652 1799 2696 cantilenae.
1834 2653 1932 2696 hinc
1962 2653 2162 2696 exodiarii
2191 2654 2260 2708 qui
2291 2653 2410 2708 primi
2439 2652 2618 2708 psallere
2645 2651 2844 2702 incoant3
2948 2659 2998 2697 30

888 2887 946 2924 10.
972 2890 1172 2932 emergunt:
1199 2884 1238 2920 ld
1264 2891 1318 2920 est
1343 2897 1423 2921 cum
1450 2897 1580 2933 magna
1613 2886 1828 2922 difficultate
1854 2887 1897 2922 ad
1931 2887 2070 2922 culmen
2097 2887 2242 2922 honoris
2268 2891 2429 2933 surgunt.
2458 2884 2498 2920 C.
2672 2888 2729 2925 13.
2756 2884 2927 2930 maurit:

747 2933 931 2971 camillum
957 2933 1046 2968 dicit
1070 2933 1131 2969 uel
1156 2934 1367 2979 scipionem.
1397 2936 1457 2980 qui
1485 2935 1611 2970 exules
1638 2936 1753 2981 patria
1779 2937 1815 2970 in
1832 2936 1955 2970 sabino
1981 2937 2058 2971 solo
2085 2937 2138 2970 tra'i
2164 2938 2343 2970 vixerunt.
2370 2934 2411 2968 C.
2539 2936 2594 2972 19.
2625 2933 2783 2968 cucullo:
2809 2932 2849 2967 ld
2873 2936 2933 2966 est

746 2983 887 3026 rustica
911 2981 1034 3016 casula
1061 2982 1120 3017 uel
1146 2981 1296 3027 pilleum
1322 2982 1420 3018 dicit.
1449 2986 1509 3029 qui
1536 2984 1630 3029 apud
1656 2985 1822 3029 antiquos
1848 2995 1918 3018 non
1944 2995 2083 3029 semper
2107 2984 2153 3019 de
2178 2984 2260 3019 alba
2287 2983 2367 3018 lana
2393 2982 2501 3017 flebat
2525 2982 2589 3017 sed
2615 2982 2866 3027 undecunque.
2886 2979 2928 3014 C.

747 3035 809 3071 21.
836 3029 925 3065 Pan
950 3042 1105 3075 nuqua:
1133 3036 1380 3076 paupertatem
1417 3031 1621 3066 ethi-uncam
1658 3032 1746 3066 dicit
1779 3044 1928 3078 quorum
1966 3044 2070 3068 nemo
2108 3032 2350 3068 honestiorem
2388 3037 2424 3066 et
2450 3031 2595 3066 ciuilem
2634 3030 2795 3065 habitum
2820 3029 2930 3065 sumit

748 3079 820 3114 nisi
848 3090 928 3114 cum
956 3078 1089 3113 feretro
1116 3084 1285 3123 portatur.
1314 3079 1354 3115 C.
1483 3084 1542 3119 30.
1571 3081 1743 3115 inchoant
1770 3080 1809 3116 C.
