3293 4057
1255 338 1559 383 —3—

344 495 359 498 -·
454 485 679 529 equum-.-
727 485 896 527 capena.
916 472 1110 527 oppidum
1157 475 1221 513 est
1253 482 1397 512 romae
1441 469 1623 510 uicinum
1653 469 1765 510 unde
1805 473 1868 510 est
1895 469 2071 522 patrium
2115 472 2325 524 capenatis
2356 471 2497 512 homo.

317 547 708 592 Mum-num.
728 544 839 588 dicit
857 549 1029 600 propter
1063 544 1219 587 fontem
1252 543 1424 598 egeriae
1455 542 1648 596 nimphae
1679 541 1748 596 qui
1776 541 1835 582 ibi
1866 541 1974 594 fluit3

451 632 598 662 ma:
626 621 756 663 Numa
783 620 1008 675 imperator
1029 619 1106 661 suit
1124 629 1405 660 romanorum.
1435 617 1506 658 hic
1530 616 1678 657 uolens
1705 616 1899 669 populum
1920 628 2136 658 romanum
2162 630 2185 658 a
2216 617 2384 661 feruore
2402 619 2500 661 bel-

316 697 411 739 150⁰
431 700 628 739 mrtem
652 695 804 737 didicit
828 696 1032 750 magicam
1073 699 1115 736 et
1155 694 1329 735 deorum
1368 705 1491 734 sacra
1532 694 1717 734 romanis
1754 692 1931 734 colenda
1973 691 2155 732 tradidit.
2217 697 2259 734 et
2286 698 2330 733 ut
2371 694 2494 735 dictis

278 771 407 818 souis
434 770 558 812 fldem
587 769 748 812 faceret
776 769 941 812 dicebat
966 781 1014 811 se
1044 771 1179 810 noctu
1209 779 1302 809 cum
1344 767 1488 822 egeria
1524 767 1702 821 nympha
1733 766 1918 808 dormire
1958 771 2000 808 et
2029 766 2244 808 consiliari
2292 771 2332 808 et
2363 768 2415 809 ab
2444 782 2495 810 ea

318 845 636 895 discere-sacra
666 855 772 899 quae
800 844 999 896 docebat3

452 929 627 959 nonus:
660 917 873 960 conducta
903 920 968 959 est
997 916 1087 971 ipsa
1116 915 1227 958 silua.
1250 915 1384 971 pretio
1416 915 1552 958 iudeis
1583 928 1632 957 ea
1663 916 1826 958 ratione
1855 919 1899 957 ut
1927 916 2103 970 pretium
2135 915 2289 970 populo
2316 927 2493 958 romano

317 991 470 1034 exinde
495 992 784 1045 persoluerent
809 992 846 1033 si
877 992 939 1033 eis
965 991 1112 1032 liceret
1139 990 1245 1031 festa
1276 1001 1351 1031 sua
1385 989 1414 1030 i.
1448 988 1620 1031 sabbata
1651 989 1868 1032 celebrare
1900 991 1970 1043 qui
2000 1002 2085 1031 uuo
2117 991 2185 1032 die
2214 994 2310 1032 ante
2339 991 2497 1032 sabba·-

316 1069 409 1107 tun}
427 1066 472 1108 in
501 1066 646 1110 colinis
676 1065 814 1108 edulia
843 1078 918 1107 sua
960 1063 1094 1106 calida
1136 1063 1347 1117 ponebant
1381 1062 1643 1105 inuoluentes
1673 1062 1718 1105 in
1759 1061 1857 1105 feno
1888 1067 1983 1117 post
2012 1064 2311 1106 inuolutionem
2342 1064 2496 1107 lintea-

255 1141 469 1184 mminum
514 1145 555 1182 et
598 1153 836 1195 mapparum
868 1143 913 1180 ut
943 1138 1117 1180 sabbato
1143 1137 1278 1179 calida
1307 1137 1521 1179 haberent.
1583 1135 1823 1191 despectiue
1851 1142 1987 1179 autem
2010 1138 2174 1180 illorum
2197 1138 2365 1180 diuitias
2394 1139 2497 1181 dicit

318 1212 495 1256 cofinum
527 1217 570 1255 et
597 1213 789 1264 soenum;

450 1287 480 1314 θ
509 1285 648 1329 Iudeis
684 1298 718 1329 s.
753 1283 969 1328 mendicis.

450 1358 650 1414 cophinus
678 1362 743 1402 est
765 1369 842 1401 uas
870 1357 1104 1400 uimineum
1128 1358 1179 1398 et.
1197 1358 1365 1412 agreste
1393 1365 1476 1410 quo
1494 1358 1778 1399 stercorantur
1812 1357 1905 1412 agri
1945 1357 2056 1412 quod
2077 1361 2121 1400 et
2150 1357 2292 1400 corbis
2323 1357 2489 1401 dicitur.

314 1433 431 1477 Iudei
452 1432 737 1476 sabatizabant
765 1434 806 1475 et
831 1430 1061 1475 secundum
1089 1429 1198 1485 legis
1226 1432 1490 1483 pracceptum
1520 1428 1655 1483 pridie
1674 1429 1979 1484 praeparabant
2005 1430 2085 1472 sibi
2113 1431 2232 1473 cibos
2256 1435 2297 1473 et
2325 1431 2489 1487 reliqua

252 1513 299 1550 15
315 1507 568 1550 necessaria.
626 1505 723 1548 hinc
753 1509 794 1548 et
826 1516 1057 1560 parasceue
1088 1503 1240 1545 dicitur
1267 1503 1295 1544 i.
1326 1503 1602 1558 praeparatio.
1661 1503 1725 1547 Ne
1753 1515 1857 1560 ergo
1887 1516 2035 1547 carnes
2074 1508 2221 1548 coctae
2253 1509 2386 1548 estate
2407 1518 2491 1561 pu-

312 1584 544 1624 trescerent
572 1580 608 1623 si
638 1583 905 1623 seruarentur
937 1578 980 1621 in
1013 1577 1202 1632 cophinis
1232 1589 1400 1620 carnem
1426 1577 1469 1619 in
1500 1577 1596 1620 seno
1625 1577 1873 1621 servandam
1898 1578 2123 1633 ponebant.
2156 1579 2255 1622 hinc
2283 1592 2388 1636 ergo
2423 1580 2492 1622 di-

313 1652 385 1694 cit.
418 1653 600 1703 Quorum
631 1651 845 1706 suppellex
874 1650 1075 1705 cophinus
1104 1653 1145 1693 et
1179 1650 1347 1693 foenum
1377 1655 1499 1703 sunt;

447 1723 756 1769 silva2Poetae
787 1724 886 1768 olim
919 1723 963 1767 in
1005 1722 1122 1768 silvis
1152 1723 1420 1768 morabantur
1450 1729 1746 1781 componentes
1791 1726 1973 1770 carmina
2007 1730 2048 1770 et
2074 1726 2242 1782 publico
2271 1727 2489 1772 alebantur

312 1799 534 1855 stipendio.
593 1799 669 1843 sed
700 1802 916 1842 crescente
946 1809 1214 1841 romanorum
1241 1799 1416 1842 auaritia
1454 1799 1507 1843 de
1536 1800 1655 1843 silvis
1695 1800 1836 1856 inopia
1867 1800 2025 1855 expulsi
2061 1805 2156 1843 sunt
2184 1805 2226 1844 et
2256 1803 2390 1845 coacti
2421 1802 2488 1846 ire

245 1873 366 1918 wad
394 1873 533 1916 urbes.
593 1873 694 1915 dicit
738 1884 854 1929 ergo.
889 1872 1063 1916 Romani
1105 1873 1280 1927 pretium
1324 1874 1532 1928 accipiunt
1570 1886 1647 1929 pro
1679 1874 1899 1917 arboribus
1939 1874 2136 1917 silvarum
2184 1875 2236 1918 ab
2274 1875 2339 1919 his
2380 1888 2488 1931 quae

312 1948 359 1990 in
387 1947 449 1991 eis
479 1952 692 1991 morantur
712 1952 754 1990 et
783 1948 914 1990 silvae
944 1947 1035 1991 sine
1063 1947 1198 2002 poetis
1230 1952 1355 2001 sunt;

450 2020 629 2065 camenis
651 2038 661 2065 :
683 2022 794 2065 Inter
824 2022 940 2066 urbis
969 2022 1155 2078 pericula
1198 2027 1240 2066 et
1283 2022 1391 2066 mala
1431 2027 1646 2079 poetarum
1691 2023 1793 2067 dicit
1833 2023 2124 2068 abiectionem.
2193 2025 2299 2069 adeo
2339 2030 2384 2069 ut
2409 2039 2487 2081 per

311 2096 495 2150 inopiam
523 2108 667 2139 mense
696 2100 870 2150 aug-usto
902 2096 1068 2150 quando
1098 2096 1243 2152 fruges
1287 2097 1450 2151 plenius
1473 2098 1677 2141 habentur
1703 2103 1957 2154 cogerentur
1995 2098 2236 2142 mendicare
2266 2099 2378 2154 quod
2408 2111 2487 2154 per

311 2169 614 2213 raucitudinem
646 2169 881 2226 designauit
896 2185 909 2223 ;

245 2257 295 2294 2⁵
449 2243 665 2287 ἀίυἰωίἱεε
691 2244 803 2286 veris
831 2245 859 2287 i.
902 2257 988 2287 non
1026 2246 1235 2289 naturales
1274 2246 1351 2289 sed
1396 2246 1599 2289 industria
1641 2250 1683 2289 et
1710 2259 1832 2290 manu
1873 2247 2041 2289 artificis
2070 2247 2217 2290 factas.
2243 2248 2388 2301 Neque
2411 2260 2489 2301 per

312 2319 452 2361 omnia
483 2331 627 2361 manus
656 2319 825 2361 artificis
858 2324 995 2374 potest
1025 2320 1177 2362 imitari
1206 2320 1436 2363 naturalem
1465 2320 1731 2374 speluncam3

443 2391 728 2447 prestantius:
760 2392 886 2435 Multo
922 2394 1053 2448 inquit
1088 2394 1341 2448 prestantior
1379 2398 1421 2435 et
1456 2393 1640 2448 pulcrior
1680 2399 1791 2437 esset
1826 2395 1896 2437 ille
1928 2395 2024 2437 fons
2053 2395 2091 2437 si
2131 2396 2307 2437 haberet
2333 2400 2483 2438 natura

306 2466 522 2510 herbalem
548 2479 717 2522 specum
748 2470 790 2509 et
817 2466 987 2509 herbam
1019 2472 1142 2522 atque
1170 2480 1350 2510 mussam
1379 2468 1424 2509 in
1450 2468 1551 2523 ripis
1581 2468 1668 2510 suis
1698 2473 1739 2510 et
1769 2469 1980 2511 naturales
2018 2469 2182 2524 lapides
2206 2469 2318 2524 quod
2348 2469 2477 2513 modo

308 2541 354 2582 fit
379 2541 477 2583 dum
505 2553 712 2584 marmore
740 2541 922 2595 undique
952 2542 1167 2583 clauditur.
1225 2543 1351 2584 Tofus
1381 2547 1557 2584 uocatur
1586 2542 1690 2596 lapis
1721 2544 1845 2598 niger
1883 2547 1924 2584 et
1951 2542 2079 2585 durus
2109 2547 2231 2597 atque
2251 2542 2356 2585 iulis.
2386 2544 2485 2586 uilis

240 2613 380 2659 aoubi
407 2614 516 2657 bene
546 2615 718 2657 acuitur.
779 2618 843 2656 est
875 2615 984 2657 enim
1013 2615 1285 2668 asperrimus5

442 2684 523 2727 Hic
551 2689 678 2727 unc:
709 2686 918 2728 Hactenus
947 2700 1001 2729 ex
1040 2698 1220 2740 persona
1249 2691 1412 2741 poetae.
1464 2688 1615 2730 dehinc
1644 2689 1870 2731 introducit
1909 2690 2039 2731 uerba
2078 2689 2275 2732 umbricii
2302 2703 2488 2746 respon-

315 2758 452 2800 dentis
484 2769 562 2812 qua
593 2759 646 2801 de
678 2771 805 2801 causa
836 2760 981 2802 urbem
1010 2760 1235 2802 desereret.

447 2835 475 2860 ἃ
506 2832 687 2873 deteret:
709 2833 982 2875 imminuetur.

448 2952 506 2990 14,
532 2950 787 2995 praeparabant
808 2950 917 2985 cibou-
933 2961 1016 2986 suos
1041 2957 1077 2986 et
1100 2953 1140 2987 B.
1258 2957 1316 2992 20.
1349 2955 1404 2989 his
1429 2957 1489 3001 qui
1515 2956 1555 2990 B.
1702 2961 1762 2995 22.
1787 2956 1883 2991 Inter
1907 2958 2005 2992 urbis
2030 2958 2193 3003 pericula
2217 2959 2325 2994 etim
2354 2963 2484 3004 poeta-

309 3010 387 3033 rum
421 2998 510 3034 dicit
548 3010 630 3034 eno
668 2997 907 3033 abiectionem
947 3001 1032 3045 quia
1070 3006 1247 3048 coguntur
1272 3001 1436 3038 homines
1462 3006 1575 3051 togati
1610 3003 1733 3040 audire
1768 3004 1896 3053 longas
1937 3012 1974 3040 et
2007 3006 2206 3051 superfluas
2244 3009 2409 3042 aetiana
2440 3006 2483 3043 C.

310 3051 370 3086 25.
395 3047 522 3094 Neque
549 3048 646 3082 enim
669 3046 711 3082 B.
858 3051 915 3086 27.
942 3048 1009 3094 teg.
1035 3049 1234 3084 naturalem
1258 3061 1417 3095 specum.
1600 3056 1660 3092 28.
1686 3064 1845 3088 muscum
1872 3054 1913 3089 B.
2100 3058 2156 3094 29.
2184 3054 2293 3091 Totus
2320 3057 2416 3091 onim
2437 3055 2483 3092 B.

309 3094 404 3139 iulis.
431 3095 539 3130 uilis.-
564 3096 617 3130 uit
640 3094 683 3130 B.
799 3094 859 3134 30.
885 3098 1111 3140 asperrimus.
1137 3097 1222 3133 hinc
1247 3099 1353 3146 uirgl.
1381 3100 1440 3135 hic
1468 3099 1563 3134 tosus
1588 3101 1715 3136 scaber
1740 3106 1775 3136 et
1799 3103 1914 3147 nigris
1940 3113 2008 3137 exa
2034 3103 2233 3147 chylindris
2256 3103 2299 3139 Β.
