3293 4057
333 816 422 893 *fJn
462 834 719 888 Bibliotheca
762 837 1017 881 Academiae
1052 839 1271 883 Leidensis
1318 838 1415 882 (fcto
1465 841 1734 883 asservantur
1773 836 1944 878 codices
1987 836 2194 878 luvenalis
2219 867 2231 887 ,
2273 836 2381 877 inter
2429 849 2533 890 quos

341 899 587 965 principem
618 914 793 965 occupat
819 910 956 955 locum
983 913 1067 958 MS.
1087 913 1319 957 VossIanus
1359 926 1422 956 nr.
1455 913 1524 969 18,
1567 911 1739 955 membr.
1783 922 1897 952 saec.
1930 908 1982 951 X.
2013 908 2084 950 sol.
2114 908 2184 950 91.
2215 909 2334 950 form.
2365 908 2406 950 4.
2437 910 2532 950 mai.

355 982 644 1037 Subscriptio:
677 999 823 1026 nactur
851 985 963 1028 Iunn
993 985 1202 1029 Iuvenile
1229 987 1308 1030 Lib
1338 966 1807 1041 εινΙιεῙτῖχΒΛτιιηυκ.
1866 983 1987 1025 Alter
2019 987 2083 1025 est
2116 983 2345 1025 Vossianus
2379 995 2442 1024 nr.
2462 981 2532 1024 64.

355 1054 526 1097 membr.
564 1055 749 1098 eiusdem
784 1069 896 1099 saec.
930 1057 1002 1099 sol.
1042 1058 1111 1100 59.
1145 1058 1267 1101 form.
1301 1072 1408 1103 max.
1446 1046 1695 1113 lnseiiptio:
1738 1058 1852 1100 lmm
1896 1057 2118 1099 luni-:nius
2163 1071 2412 1114 summum
2456 1057 2535 1099 ιιιῖ

356 1128 472 1171 ram’
508 1129 645 1171 menf.
705 1128 864 1172 Tertius
908 1133 972 1173 est
1008 1130 1113 1174 Bibl.
1155 1131 1267 1175 Publ.
1299 1144 1363 1175 nr.
1392 1132 1462 1176 82.
1502 1130 1675 1185 membr.
1718 1142 1831 1173 saec.
1853 1129 1923 1173 XI.
1951 1127 2021 1172 86.
2042 1127 2115 1172 sol.
2134 1126 2175 1170 4.
2209 1128 2304 1170 mai.
2351 1128 2532 1179 Quartus

356 1201 495 1244 codex
522 1205 585 1244 est
613 1202 903 1245 Gronovianus
933 1216 996 1246 nr.
1023 1205 1091 1248 70.
1125 1205 1296 1248 membr.
1324 1217 1438 1248 saec.
1466 1193 1669 1248 xl-x'n.
1690 1202 1811 1246 form.
1840 1202 1881 1245 8.
1942 1202 2119 1253 Quintus
2151 1201 2245 1244 cod.
2272 1214 2335 1243 nr.
2358 1202 2452 1245 170.
2479 1202 2532 1244 Α.

354 1275 525 1317 membr.
550 1274 621 1317 sol.
639 1272 709 1317 48.
753 1274 873 1317 form.
894 1277 935 1319 8.
993 1277 1141 1320 Sextus
1171 1290 1225 1320 ex
1249 1276 1389 1332 legato
1421 1275 1627 1318 Perizonii
1665 1290 1713 1332 φ.
1746 1274 1815 1318 38.
1845 1273 2017 1317 membr.
2053 1274 2123 1317 91.
2146 1274 2219 1317 sol.
2249 1272 2289 1315 4.
2319 1274 2417 1316 min.
2464 1275 2534 1329 qui

353 1346 453 1389 olim
480 1346 712 1389 Bernhardi
740 1348 1029 1390 Rottendorffii
1059 1348 1149 1391 fuit.
1183 1349 1386 1404 Septimus
1416 1348 1557 1391 itidem
1588 1361 1641 1390 ex
1667 1348 1808 1403 legato
1818 1347 2005 1402 Perizon.
2030 1348 2173 1390 xvnl.
2200 1363 2247 1403 φ.
2282 1348 2323 1390 3.
2358 1347 2533 1390 membr.

354 1420 474 1461 form.
505 1420 545 1462 8.
605 1421 785 1462 Octavus
814 1420 896 1462 MS.
927 1420 1031 1462 Bibl.
1063 1421 1175 1462 Publ.
1206 1433 1269 1461 nr.
1290 1420 1382 1462 136.
1418 1419 1455 1461 J.
1488 1417 1557 1462 84.
1588 1419 1660 1461 fol.
1688 1416 1730 1461 4.
1758 1418 1857 1461 min.
1887 1431 1979 1460 cum
2001 1418 2081 1460 hac
2110 1420 2412 1473 inscriptione:
2439 1419 2534 1462 He-

352 1492 434 1534 lius
464 1498 526 1533 est
554 1505 732 1546 sperare
760 1494 804 1534 in
837 1494 1001 1535 domino
1031 1505 1154 1547 quam
1182 1505 1360 1547 sperare
1385 1492 1428 1533 in
1453 1491 1712 1546 principibus
1744 1490 1788 1532 in
1814 1490 1963 1544 quibus
1999 1504 2083 1532 non
2117 1496 2180 1533 est
2209 1493 2340 1534 salus.
2369 1493 2415 1535 In
2447 1492 2530 1536 fine

352 1565 549 1619 scriptum
589 1570 672 1608 est:
718 1565 941 1607 Mediolani
980 1565 1119 1607 Pridie
1157 1564 1218 1607 Id.
1250 1564 1381 1606 Iulias
1424 1562 1546 1606 1446.
1585 1564 1681 1605 vale
1718 1565 1790 1618 qui
1815 1564 1958 1619 leqisti.
2030 1566 2187 1607 Horum
2219 1565 2412 1608 codicum
2443 1570 2531 1609 tres

349 1638 515 1693 priores
545 1643 628 1680 tam
656 1640 699 1680 in
728 1640 985 1695 marginibus
1014 1651 1135 1693 quam
1173 1639 1281 1680 inter
1317 1650 1463 1680 versus
1497 1636 1693 1679 exhibent
1721 1636 1902 1690 Scholia,
1940 1649 2046 1692 quae
2076 1642 2121 1679 ut
2151 1638 2318 1681 diversa
2347 1643 2444 1681 sunt
2476 1640 2530 1682 ab

350 1711 490 1766 editis,
519 1712 575 1755 ita
605 1725 804 1755 summam
850 1714 959 1755 inter
1003 1724 1049 1755 se
1079 1712 1388 1755 similitudinem
1418 1711 1600 1764 habent,
1640 1714 1685 1752 ut
1716 1710 1895 1753 dubitari
1933 1716 2134 1766 nequeat,
2163 1713 2262 1767 quin
2292 1713 2443 1756 eodem
2476 1727 2531 1758 ex

352 1786 470 1830 fonte
498 1786 704 1829 fluxerint.
766 1787 812 1829 ln
840 1787 933 1829 cod.
963 1788 1171 1830 Vossiano
1201 1798 1265 1828 nr.
1299 1785 1363 1829 18.
1397 1785 1524 1840 longe
1554 1783 1843 1838 copiosissime
1881 1797 1930 1826 ac
1962 1784 2052 1827 sere
2085 1786 2346 1829 continenter
2373 1787 2529 1830 nullam

350 1871 439 1901 non
469 1859 639 1901 satiram
674 1859 933 1913 comitantur,
963 1859 1212 1914 praepositis
1243 1858 1374 1914 signis
1405 1857 1661 1912 quibusdam,
1688 1868 1811 1911 quae,
1845 1868 1927 1911 quo
1948 1858 2172 1900 reserenda
2201 1859 2296 1911 sint,
2327 1860 2527 1902 indicant.

350 1931 537 1974 Alterius
568 1931 764 1974 Vossiani
796 1932 897 1974 folia
925 1932 952 1974 9
970 1957 1024 1964 -
1046 1931 1100 1975 14
1131 1936 1276 1974 carent
1307 1932 1478 1974 scholiis
1510 1932 1626 1985 (Sat.
1655 1931 1722 1972 111.
1753 1929 1823 1972 39.
1843 1955 1899 1963 -
1918 1931 1967 1973 ν.
1987 1929 2078 1986 24.)
2110 1933 2206 1973 item
2235 1922 2318 1974 fol.
2338 1931 2526 1976 43-46.

266 1996 271 2003 '
352 2006 427 2064 (x.
464 2004 557 2048 166.
589 2018 722 2061 usque
751 2006 803 2048 ad
835 2006 927 2063 fin.)
957 2010 998 2049 et
1025 2006 1096 2049 sol.
1116 2006 1186 2049 47.
1219 2031 1275 2040 -
1305 2007 1372 2049 fin.
1404 2006 1538 2063 (xm.
1567 2006 1647 2048 152
1678 2004 1796 2062 cet).
1824 2004 1993 2049 scholia
2022 2006 2184 2049 codicis
2211 2019 2272 2048 nr.
2304 1996 2373 2051 822
2406 2008 2527 2052 initio

351 2079 637 2133 frequentiora
667 2082 783 2132 sunt,
813 2091 911 2122 mox
936 2083 1168 2132 rarescunt,
1200 2079 1403 2122 interdum
1433 2079 1554 2134 plane
1583 2078 1793 2121 deficiunt.
1824 2078 1887 2122 De
1916 2082 2065 2132 aetate,
2096 2092 2176 2134 qua
2205 2081 2359 2123 vixerit
2390 2083 2531 2126 Scho-

349 2152 473 2195 liasta
500 2144 741 2205 Leidensis‚
777 2153 855 2195 etsi
877 2152 979 2195 nihil
1007 2152 1110 2195 certi
1141 2156 1315 2205 constat,
1347 2156 1485 2194 tamen
1513 2151 1603 2194 sive
1623 2150 1865 2194 latinitatem
1896 2155 2075 2206 spectas,
2105 2153 2197 2196 sive
2225 2153 2530 2209 interpretandi

351 2224 419 2267 vel
445 2224 582 2278 potius
614 2224 838 2267 enarrandi
863 2226 1067 2268 rationem
1097 2224 1393 2279 doctrinaeque
1420 2226 1671 2278 tenuitatem,
1699 2224 1858 2277 nescio,
1894 2237 1947 2268 an
1975 2236 2061 2268 non
2085 2226 2261 2270 meliore
2290 2240 2412 2282 quam
2446 2229 2532 2276 Ca-

351 2296 434 2339 roli
462 2297 515 2339 M.
549 2296 719 2339 saeculo
749 2297 900 2353 dignus
929 2297 1144 2340 habendus
1170 2298 1236 2340 sit.
1297 2298 1546 2352 Quamquam
1586 2297 1783 2340 nonnulla
1817 2298 2063 2353 antiquioris
2100 2299 2349 2343 eruditionis
2387 2291 2530 2343 notam

350 2370 526 2422 habent3
565 2383 645 2412 nec
676 2370 851 2423 desunt,
898 2371 1010 2413 unde
1038 2370 1272 2413 emendatio
1303 2370 1560 2413 Scholiorum
1592 2374 1776 2413 veterum
1820 2371 1976 2413 certius
2003 2371 2164 2413 institui
2201 2373 2346 2427 possit.
2408 2374 2529 2416 Nunc

353 2442 595 2498 speciminis
625 2441 723 2485 loco
753 2442 887 2485 visum
919 2446 983 2485 est
1012 2442 1180 2486 Scholia
1210 2442 1263 2485 ad
1305 2442 1507 2485 Iuvenalis
1539 2442 1620 2485 Sat.
1645 2443 1711 2485 111.
1744 2442 1897 2497 edere,
1939 2443 2078 2499 qualia
2111 2445 2156 2487 in
2193 2446 2286 2488 cod.
2318 2438 2528 2490 vossiano

348 2528 414 2558 nr.
450 2517 515 2560 18.
557 2516 764 2573 leguntur.
839 2517 1023 2560 Duorum
1061 2517 1317 2572 reliquorum
1347 2517 1535 2559 codicum
1580 2517 1780 2560 lectiones
1823 2517 2183 2562 memorabiliores
2220 2520 2531 2565 additamenta-

351 2600 434 2642 que
462 2588 669 2632 subiunxi.
730 2591 979 2632 Vossianum
1011 2603 1073 2631 nr.
1107 2589 1175 2631 64.
1210 2590 1401 2645 designat
1430 2590 1486 2643 B,
1533 2590 1702 2632 alterum
1735 2591 1779 2633 C.
1839 2592 2048 2635 Lemmata
2076 2593 2148 2635 ubi
2179 2594 2368 2647 deerant,
2397 2594 2531 2639 verba

347 2665 515 2716 poetae,
544 2662 599 2705 ad
628 2675 736 2718 quae
764 2663 923 2706 scholia
953 2664 1175 2719 pertinent,
1205 2664 1261 2705 ita
1292 2662 1448 2715 addidi,
1480 2662 1821 2717 quemadmodum
1852 2664 1896 2705 in
1922 2664 2014 2719 ipso
2047 2665 2198 2709 codice
2226 2667 2383 2723 scripta
2415 2674 2525 2712 sunt.

348 2733 540 2789 Denique
568 2735 778 2791 glossulas
810 2736 1100 2780 interlineares
1135 2736 1186 2778 ab
1218 2735 1566 2789 annotationibus,
1587 2748 1691 2790 quae
1720 2735 1763 2777 in
1794 2736 2051 2792 marginibus
2080 2738 2288 2796 leguntur,
2322 2741 2530 2786 asterisco

351 2805 654 2849 discernendas
684 2807 837 2862 putavi.
