3293 4057
1697 308 2035 353 ..20-

891 432 917 455 ⁴*
950 430 1090 472 alnum
1118 446 1128 472 :
1160 432 1315 473 nauim.

892 506 1090 560 porrigat
1123 522 1133 548 ε
1167 507 1275 551 Olim
1307 510 1481 551 mortuis
1514 509 1748 551 hominibus
1777 510 1907 551 triens
1936 509 2018 550 hoc
2049 511 2114 550 est
2135 509 2266 552 tercia
2294 522 2392 565 pars
2419 510 2574 554 nummi
2602 508 2716 566 quod
2745 512 2952 565 “⁸210—

756 592 836 622 nus
867 582 1024 623 nummi
1054 583 1289 637 ponebatur
1332 583 1374 623 in
1406 595 1481 624 ore
1525 587 1568 624 ut
1597 582 1799 624 haberent
1825 582 1937 636 quod
1963 593 2038 636 pro
2078 581 2204 623 naulo
2234 582 2384 626 duent
2406 580 2717 628 descendentes
2741 571 2944 627 acl-inl&

756 666 844 696 ros.
907 655 1044 698 subita
1078 657 1210 711 inquit
1236 662 1370 699 morte
1398 660 1646 711 praeuentus
1678 655 1812 696 nullus
1844 655 1919 697 fuit
1953 656 2023 710 qui
2047 656 2236 698 trientem
2267 656 2308 697 ei
2338 655 2481 709 ἀετοῖς

897 732 925 756 ⁴*
956 729 1136 785 Respice
1165 744 1274 773 nunc
1301 731 1389 773 alia
1418 746 1427 772 ε
1458 729 1621 772 Transit
1648 728 1700 771 ad
1728 728 1810 770 alia
1840 728 2117 771 incommoda.
2958 744 2984 787 ⁶

897 806 925 831 ⁴*
954 804 1062 846 unde
1087 821 1097 846 ε
1132 819 1183 847 ex
1218 806 1301 847 alto
1329 809 1454 847 tecto.

898 880 926 905 ⁴*
960 878 1118 920 rimosa
1149 895 1158 920 ε
1191 879 1336 921 fracta.

900 953 927 977 ἕ
957 955 1078 993 curta
1110 967 1119 993 :
1148 951 1329 994 mutilata
1358 950 1492 992 minus
1520 948 1729 992 habentia.

900 1022 1059 1067 silicem
1087 1041 1098 1067 ε
1132 1027 1284 1078 quanto
1316 1022 1451 1079 magis
1479 1020 1701 1066 hominem.

899 1099 927 1125 ⁴*
956 1097 1097 1150 possis
1126 1110 1201 1151 pro
1230 1096 1388 1151 poteris
1419 1096 1541 1152 piger
1573 1096 1642 1141 uel
1670 1095 1913 1151 inprouidus
1948 1098 2042 1138 tuae
2088 1094 2246 1138 salutis.
2485 1091 2488 1094 ”
2961 1114 3009 1153 10

899 1170 1075 1224 ἰρηαυυε
1105 1169 1256 1212 dicitur
1288 1169 1405 1224 quasi
1435 1168 1528 1213 sine
1560 1169 1658 1226 igne
1690 1169 1873 1225 ingenii;
2998 1156 3002 1164 ’

899 1255 1071 1285 caenam
1101 1258 1111 1284 :
1142 1243 1324 1285 Vocatus
1353 1243 1487 1298 inquit
1516 1243 1569 1286 ad
1593 1256 1739 1286 cenam
1769 1247 1988 1298 antequam
2014 1254 2167 1299 pergas
2191 1245 2476 1286 testamentum
2502 1241 2577 1284 tibi
2608 1241 2845 1285 faciendum
2875 1246 2940 1286 est

762 1330 816 1361 ne
845 1318 881 1360 si
909 1318 1047 1360 subito
1077 1316 1327 1360 occubueris
1357 1317 1480 1359 amici
1510 1317 1570 1361 tui
1599 1318 1833 1361 hereditate
1865 1317 2100 1372 priuentur3

897 1393 924 1417 ἢ*
956 1390 1180 1431 Intestatus
1209 1406 1219 1431 :
1251 1391 1344 1433 sine
1371 1395 1618 1434 testamento
1649 1392 1775 1434 facto.

896 1467 924 1491 ³*
956 1465 1059 1508 adeo
1092 1480 1102 1507 ε
1135 1465 1178 1507 in
1209 1468 1365 1508 tantum
1393 1469 1549 1509 mortes
1580 1470 1675 1509 sunt
1701 1466 1789 1509 tibi.
2960 1482 3007 1520 15

894 1539 968 1580 illa
1000 1537 1129 1580 Nocte
1160 1555 1170 1580 :
1199 1540 1245 1581 ln
1276 1540 1565 1582 uulcanalibus
1613 1541 1796 1583 mutilata
1827 1553 1928 1584 uasa
1957 1547 2082 1585 nocte
2114 1554 2188 1596 per
2229 1540 2416 1593 obliquas
2448 1539 2654 1582 fenestras
2682 1524 2945 1594 spargeban-

759 1618 825 1655 tur
857 1625 964 1667 quae
999 1613 1191 1655 cadentia
1221 1613 1466 1669 gradientes
1499 1627 1574 1669 per
1605 1615 1751 1657 eadem
1783 1618 1892 1657 tecta
1922 1615 2231 1669 percutiebant3

893 1687 922 1710 ’ἑ
950 1682 1096 1737 uiyiles
1126 1699 1135 1725 :
1163 1688 1367 1739 patentes.

894 1757 1009 1812 Eryo
1044 1773 1053 1799 ;
1086 1757 1187 1801 Cum
1218 1758 1351 1814 inquit
1381 1758 1539 1802 uideris
1571 1761 1827 1815 praeteriens
1856 1773 1959 1804 uasa
1990 1774 2014 1803 a
2057 1760 2250 1804 fenestris
2279 1758 2478 1801 nobilium
2509 1757 2700 1801 cadentia
2731 1757 2941 1801 exhorre-

758 1844 884 1876 scens
917 1844 1063 1876 eorum
1095 1832 1239 1876 ruinas
1270 1832 1432 1888 optabis
1461 1837 1505 1876 ut
1534 1833 1630 1878 illae
1662 1834 1808 1878 domus
1838 1847 1925 1879 non
1955 1836 2038 1879 sint
2067 1835 2237 1878 diuitum
2267 1833 2342 1877 sed
2386 1844 2610 1889 pauperum
2644 1833 2714 1888 qui
2743 1843 2829 1876 non
2857 1832 3003 1888 lia-20

755 1907 883 1948 beant
911 1906 992 1948 alia
1024 1919 1125 1947 uasa
1155 1907 1236 1947 nisi
1268 1907 1409 1962 pelues
1441 1921 1548 1963 quae
1577 1914 1670 1949 sunt
1700 1921 1802 1950 uasa
1833 1921 2056 1964 pauperum
2084 1908 2223 1964 lignea
2253 1907 2428 1962 pedibus
2455 1905 2646 1947 lauandis
2690 1909 2785 1959 apta
2819 1906 2938 1959 quasi

755 1981 907 2036 pedum
936 1993 1040 2032 uas;

894 2058 924 2083 ⁴¹*
955 2060 1073 2109 optes
1101 2067 1178 2111 pro
1212 2056 1390 2110 optabis.
2239 2105 2241 2108 v

889 2130 1061 2184 patulas
1090 2144 1101 2172 ε
1135 2130 1200 2174 Ob
1234 2131 1410 2174 crebros
1442 2131 1548 2173 ictus
1573 2143 1770 2174 uasorum
1788 2130 1971 2174 fictilium
2002 2133 2043 2172 et
2074 2141 2215 2171 eorum
2244 2128 2424 2171 omnium
2454 2139 2560 2183 quae
2589 2140 2614 2168 a
2644 2126 2839 2169 fenestris
2869 2127 2939 2168 di-

755 2203 884 2246 uitum
917 2202 1124 2247 cadebant
1152 2203 1254 2247 dicit
1283 2207 1429 2259 optare
1452 2214 1676 2260 pauperem
1709 2205 1778 2260 qui
1809 2204 1874 2247 his
1901 2203 2071 2246 interire
2100 2206 2261 2257 poterat
2290 2201 2456 2243 casibus
2483 2205 2684 2256 quatenus
2712 2202 2830 2257 ipsae
2856 2201 2940 2242 do-
2955 2218 3005 2255 25

757 2289 847 2322 mus
875 2277 1019 2334 pelues
1051 2281 1206 2321 tantum
1235 2276 1440 2322 haberent
1469 2278 1522 2322 ad
1551 2278 1786 2324 iaciendum
1803 2280 1829 2323 i.
1848 2289 2051 2336 pauperes
2075 2280 2214 2321 essent
2244 2279 2284 2319 et
2301 2287 2385 2318 non
2403 2275 2690 2338 habundarent
2707 2279 2768 2317 tot
2794 2276 2940 2330 uasis;

899 2352 929 2378 ⁴*
958 2349 1186 2406 delicatiore
1216 2368 1226 2394 :
1260 2351 1465 2395 haberent
1494 2365 1570 2408 per
1600 2364 1673 2396 eas
1708 2352 1958 2396 defundatur
1986 2366 2105 2408 aqua.

888 2424 1085 2478 petulans
1116 2440 1126 2466 ε
1159 2424 1258 2468 Ideo
1287 2426 1477 2481 petulans
1509 2427 1605 2481 quia
1636 2427 1790 2469 ebrius.
1827 2438 1922 2469 nam
1952 2425 2042 2468 sine
2070 2437 2215 2468 cerere
2242 2429 2282 2468 et
2308 2425 2441 2467 libero
2466 2424 2590 2480 friget
2615 2435 2762 2466 uenus,
2793 2427 2940 2465 osten-

760 2496 819 2540 dit
849 2509 1054 2542 romanos
1083 2498 1225 2543 solere
1253 2498 1429 2544 illudere
1462 2500 1524 2545 eis
1554 2512 1658 2557 quos
1690 2501 1831 2545 ebrios
1865 2499 2046 2544 uiderint
2074 2503 2113 2543 et
2146 2504 2363 2556 percutere
2391 2498 2598 2556 grauiter3

894 2575 922 2601 ⁴*
956 2572 1041 2616 Dat
1069 2589 1080 2616 ε
1109 2573 1275 2629 patitur.
2955 2586 3005 2623 30

894 2649 922 2675 ⁴*
951 2651 1112 2690 noctem
1140 2663 1150 2689 ι
1182 2651 1372 2691 mortem.

894 2722 922 2748 ⁴*
951 2719 1132 2763 amicum
1161 2736 1171 2763 z
1201 2719 1446 2776 patroclum.

899 2796 927 2822 ⁴*
962 2793 1086 2837 cubat
1112 2811 1123 2837 ε
1155 2794 1343 2838 achilles.

905 2966 936 2999 1.
965 2961 1108 2997 alnum:
1136 2962 1287 2998 Sutilem
1316 2962 1477 2998 cumbam
1504 2963 1610 2999 cociti
1645 2965 1839 3012 significat.
1865 2963 2070 2999 Biotbanati
2109 2974 2179 2999 uon
2213 2965 2333 3000 atatim
2364 2964 2515 3000 transire
2548 2964 2714 2999 sinuntur
2748 2963 2819 2998 nisi
2857 2967 2939 3008 post

764 3018 878 3043 annon
910 3015 1063 3045 centum.
1095 3016 1134 3044 ut
1174 3011 1276 3046 illud.
1306 3011 1457 3046 Centum
1485 3018 1602 3047 errant
1628 3024 1739 3048 annos
1769 3014 1994 3059 uolitantque
2020 3012 2107 3047 haec
2133 3012 2238 3047 litora
2264 3014 2412 3048 circum.
2440 3011 2480 3047 C.
2576 3016 2636 3050 27.
2665 3012 2734 3059 loq.
2762 3010 2939 3046 haberent

761 3061 803 3090 ut
824 3066 890 3101 per
911 3067 987 3092 eas.
1086 3063 1145 3097 21.
1170 3058 1301 3106 peluis:
1331 3059 1491 3107 ligneum
1517 3061 1701 3096 uasculum
1732 3063 1768 3095 in
1795 3071 1866 3108 quo
1892 3072 1985 3107 aqua
2005 3060 2175 3096 funditur.
2202 3059 2242 3097 C.
2342 3063 2400 3100 29.
2428 3065 2694 3107 percuterem·
2709 3061 2869 3107 grauiter
2894 3057 2939 3096 G.
