3293 4057
1709 344 2010 391 ..6-

891 473 1012 517 uerri
1040 490 1050 517 :
1081 475 1237 519 Verres
1268 474 1346 518 suit
1369 474 1531 520 adulter
1561 488 1681 532 quem
1711 476 1827 532 ponit
1859 488 1935 531 pro
1966 473 2151 530 quolibet
2178 474 2400 518 scelerato.

898 549 1019 593 Taum·
1048 549 1124 593 tibi
1142 566 1152 594 z
1170 551 1308 608 Tagus
1338 551 1487 595 fluuius
1513 556 1578 595 est
1603 562 1753 595 aureas
1783 560 1933 593 arenas
1961 548 2134 592 habens.
2191 548 2435 605 Noninqnit
2458 548 2560 592 tanti
2588 548 2670 594 tibi
2692 547 2778 593 sint
2807 548 2837 593 i.
2854 559 2945 594 non

756 627 915 667 tantum
949 625 1058 680 apud
1089 630 1131 669 te
1159 626 1328 670 ualeant
1356 638 1491 681 neque
1529 629 1610 668 tam
1644 637 1768 668 carae
1795 622 1868 665 tibi
1896 622 1980 665 sint
2008 632 2154 664 omnes
2192 619 2365 664 diuitiae
2393 632 2500 676 quae
2528 626 2624 665 sunt
2652 623 2696 666 in
2723 625 2834 680 ηιμ
2857 620 2941 667 Ιη-

756 700 871 741 mine
901 703 948 740 ut
990 699 1098 742 uelis
1144 700 1363 754 explorare
1411 699 1584 740 aliorum
1613 698 1775 740 scelera
1811 701 1856 738 ut
1891 698 1944 740 ab
1990 694 2072 737 illis
2100 694 2286 737 timearis
2315 698 2358 736 et
2395 707 2471 750 per
2499 695 2582 739 hoc
2611 707 2763 742 somno.
2792 708 2938 741 cums

754 771 856 815 (hm
888 772 1065 815 aliorum
1110 773 1272 815 scelera
1314 772 1480 814 curiose
1520 771 1650 813 fueris
1694 770 1936 813 insectatus.
1994 768 2076 812 Ue}
2099 768 2169 811 ita.
2216 767 2362 811 Utilius
2391 772 2457 811 est
2482 768 2615 823 inquit
2643 770 2724 814 isto
2751 774 2980 826 tempores

753 845 870 888 scire
897 846 1057 888 crimen
1083 845 1262 888 alienum
1284 856 1404 899 quam
1433 844 1653 899 possidere
1684 847 1827 899 tagum
1854 852 1968 885 anro-
1985 839 2183 884 fluentem
2214 839 2431 895 hispaniae
2457 840 2624 885 flumen.
2654 842 2793 886 nullae
2825 842 2940 888 dint-

757 919 842 962 tiae
871 920 972 961 tanti
1018 919 1092 961 tibi
1128 919 1210 961 sint
1240 918 1267 959 i.
1309 921 1463 960 tantum
1492 917 1660 959 ualeant
1696 915 1804 971 apud
1835 919 1877 959 te
1902 920 1948 957 ut
1978 927 2072 957 cum
2099 915 2206 958 mala
2237 915 2495 959 conscientia
2523 916 2777 969 habeantur3

896 990 1014 1042 Quae
1039 1003 1123 1032 non
1152 989 1378 1032 diuitibus:
1405 989 1636 1045 Redarguit
1678 999 1877 1031 romanos
1909 989 2020 1043 quod
2048 992 2215 1032 exteras
2253 992 2401 1046 gentes
2437 988 2659 1046 dilig-entes
2690 990 2856 1034 diuitias
2897 996 2940 1034 et

756 1065 921 1108 exotica
950 1075 1121 1106 munera
1152 1064 1412 1119 accipiebant
1437 1063 1490 1104 ab
1525 1063 1588 1105 eis
1599 1077 1612 1115 ;

888 1138 1044 1193 soem:
1065 1138 1175 1180 Dicit
1204 1150 1253 1180 se
1283 1136 1407 1180 fateri
1435 1149 1544 1192 quae
1570 1148 1679 1193 gens
1712 1136 1900 1180 romanis
1940 1136 2231 1191 acceptissima
2270 1137 2325 1179 sit
2361 1141 2403 1180 et
2430 1149 2550 1192 quam
2590 1137 2680 1192 ipse
2714 1137 2937 1193 praecipue
2956 1148 3011 1186 ιο

752 1211 862 1254 uitet·
886 1223 1041 1266 grecos
1069 1211 1252 1263 scilicet3

890 1283 1244 1331 Grecam'urbem
1269 1288 1396 1326 vocat
1426 1295 1588 1326 romam
1619 1284 1716 1339 quia
1746 1285 1910 1327 romani
1938 1298 2015 1341 per
2052 1288 2196 1329 omnia
2221 1297 2444 1342 grecorum
2491 1290 2533 1327 et
2560 1285 2695 1328 studia
2726 1289 2768 1328 et
2794 1297 2937 1328 mores

750 1360 949 1401 uolebant
979 1359 1162 1410 imitari3

887 1431 1088 1483 Quamvis
1117 1435 1268 1485 quola:
1299 1432 1472 1475 Romam
1505 1432 1640 1487 inquit
1665 1447 1838 1488 grecam
1873 1435 2017 1476 urbem
2046 1435 2142 1476 dico
2173 1434 2358 1488 quamuis
2380 1439 2472 1476 cota
2502 1437 2530 1475 i.
2561 1435 2727 1476 minima
2757 1448 2853 1488 pars
2883 1436 2939 1476 sit

748 1507 855 1550 fecis
876 1507 1012 1549 Achei
1046 1507 1129 1549 hoc
1158 1510 1222 1548 est
1250 1507 1413 1548 romani
1436 1519 1657 1562 grecarum
1686 1507 1834 1548 artium
1864 1512 1906 1548 et
1944 1508 2175 1549 studiorum
2203 1508 2430 1548 imitatores
2457 1507 2547 1548 fieri
2577 1507 2746 1560 cupiunt
2772 1508 2847 1549 sed
2881 1508 2935 1550 ad
2954 1520 3002 1555 15

747 1580 958 1622 minimam
988 1580 1229 1634 pertingunt
1256 1583 1415 1634 partem
1446 1591 1603 1634 grecae
1629 1580 1875 1633 sapientiae.
1937 1581 2011 1622 Uel
2040 1581 2109 1623 ita.
2153 1581 2339 1635 quamuis
2376 1580 2497 1634 pauci
2527 1580 2610 1621 sint
2636 1583 2773 1622 tamen
2804 1584 2934 1623 totam

748 1655 897 1696 urbem
926 1655 1040 1695 vitiis
1069 1654 1232 1706 plenam
1262 1654 1466 1695 recerunt.

862 1731 1030 1769 orontes
1054 1741 1064 1769 :
1100 1727 1281 1770 Orontes
1308 1727 1460 1771 fluuius
1482 1731 1546 1771 est
1561 1728 1701 1770 siriae.
1725 1728 1995 1782 reprehendit
2023 1732 2159 1771 autem
2187 1739 2383 1771 romanos
2406 1727 2516 1782 quod
2546 1728 2728 1771 omnium
2745 1727 2931 1784 gentium

744 1801 849 1845 uitia
879 1805 922 1845 et
950 1812 1091 1844 mores
1114 1800 1270 1844 vellent
1289 1800 1455 1844 imitari.
1485 1800 1555 1843 uel
1569 1801 1748 1845 Orontes
1765 1801 1913 1845 fluuius
1937 1802 2173 1845 antiochiae
2195 1814 2270 1857 per
2290 1814 2409 1857 quem
2429 1801 2516 1844 uult
2542 1801 2718 1857 intelligi
2739 1800 2931 1856 populum

743 1875 911 1932 gretiae
940 1888 1100 1918 romam
1130 1875 1367 1918 devenisse.
1397 1886 1542 1918 omnes
1573 1879 1707 1917 autem
1737 1878 1849 1918 artes
1877 1874 2064 1918 ludicrae
2096 1888 2119 1917 a
2148 1874 2287 1930 grecis
2316 1873 2567 1929 permaxime
2597 1874 3003 1928 descenderunt32o

886 1950 915 1976 ⁴*
946 1948 1139 2003 obliquas
1158 1965 1168 1991 :
1187 1949 1230 1991 in
1256 1949 1467 2004 obliquum
1497 1950 1670 2003 primum
1700 1954 1902 1992 extentas.

878 2022 1074 2077 gentilia:
1105 2022 1229 2077 Apud
1260 2022 1428 2078 frig-iam
1455 2023 1589 2077 primo
1620 2023 1894 2078 timpanorum
1924 2035 2025 2068 usus
2051 2027 2239 2079 repertus
2268 2027 2332 2067 est
2357 2022 2428 2065 ubi
2454 2026 2587 2066 mater
2615 2023 2737 2067 deum
2768 2022 2933 2075 colitur;

883 2098 913 2124 ⁴*
941 2095 1111 2151 yuuizin
1131 2112 1141 2138 :
1163 2096 1289 2153 frigia
1315 2096 1386 2140 uel
1420 2109 1521 2140 suae
1550 2096 1701 2153 gentis.

885 2170 943 2212 ad
974 2170 1130 2213 circum
1160 2187 1171 2213 ε
1202 2171 1254 2214 Ut
1275 2170 1444 2232 puellae
1472 2172 1515 2213 in
1546 2172 1660 2214 circo
1689 2172 1842 2215 theatri
1870 2171 2027 2228 turpius
2056 2172 2099 2213 ui
2125 2176 2486 2228 prosternerentur
2515 2185 2539 2214 a
2560 2170 2784 2227 gentilibus
2813 2182 2930 2212 sum-

747 2258 848 2288 sere
877 2246 1040 2288 romani
1055 2260 1068 2299 3
2945 2256 2997 2293 2⁵

883 2323 1084 2372 prostare
1115 2334 1126 2360 ε
1158 2319 1259 2362 Inde
1298 2322 1543 2375 prostitutae
1585 2323 1829 2364 meretrices
1867 2335 1891 2364 a
1941 2321 2165 2377 prostando
2208 2322 2251 2362 in
2290 2321 2528 2364 meritoriis.
2564 2320 2749 2362 fornices
2792 2324 2929 2362 autem

742 2400 842 2437 sunt
870 2395 967 2436 loca
996 2394 1069 2434 ubi
1100 2394 1342 2448 prostabant
1372 2407 1479 2448 quae
1518 2399 1559 2435 et
1589 2401 1758 2438 arcuata
1791 2395 2103 2449 appellabantur
2144 2394 2618 2449 inderegnicatrigculus
2663 2405 2814 2447 corpus
2850 2405 2930 2446 pu-

741 2467 899 2509 blicum
930 2472 996 2510 est
1025 2472 1068 2510 et
1095 2467 1285 2523 uulgare.
1344 2469 1469 2511 fiebat
1497 2470 1578 2510 hoc
1610 2470 1652 2510 in
1697 2468 1922 2510 aurelianis
1957 2467 2224 2522 lupanaribus
2261 2480 2366 2521 quae
2404 2468 2647 2509 memmiana
2675 2465 2789 2519 prius
2817 2465 2929 2505 dicta

742 2546 843 2582 sunt
873 2541 969 2594 quia
1001 2542 1220 2582 memmius
1251 2542 1334 2582 hoc
1367 2543 1521 2595 primus
1552 2544 1692 2583 statuit
1702 2557 1714 2593 3

881 2613 945 2656 Ile
970 2627 1046 2669 pro
1086 2628 1139 2658 eo
1169 2616 1283 2669 quod
1314 2621 1378 2658 est
1405 2622 1502 2658 eant
1525 2622 1565 2659 et
1591 2617 1794 2658 recedant
1824 2631 1848 2659 a
1876 2629 1971 2659 meo
1997 2617 2210 2657 consortio
2231 2616 2377 2670 quibus
2410 2617 2614 2659 barbarae
2645 2618 2810 2672 placent
2837 2628 3002 2665 me-aoa

744 2687 939 2728 retrices.

881 2759 984 2811 lupa
1007 2759 1126 2813 picta
1152 2761 1178 2801 i.
1212 2766 1360 2803 ornata
1387 2762 1587 2804 meretrix
1615 2763 1708 2815 quia
1740 2763 1983 2804 meretrices
2003 2763 2119 2816 lupas
2150 2764 2341 2804 dixerunt
2368 2763 2421 2804 ab
2450 2765 2623 2805 auaritia
2653 2766 2745 2806 siue
2765 2775 2789 2806 a
2822 2766 2929 2807 seri-

746 2836 833 2875 tate
855 2832 1065 2887 libidinis;

882 2907 1158 2961 rockedipna:
1187 2910 1318 2951 uestis
1345 2910 1637 2964 parasitorum.
1671 2910 1901 2951 nicheteria
1932 2909 2123 2951 dicuntur
2139 2910 2380 2964 philacteria
2402 2924 2508 2965 quae
2528 2912 2750 2967 gestabant
2778 2912 2928 2954 atletae

745 2977 792 3020 in
826 2978 964 3033 capite
993 2983 1037 3022 et
1067 2985 1156 3022 erat
1181 2981 1239 3023 ibi
1271 2981 1521 3035 descriptum
1552 2981 1744 3035 quotiens
1773 2981 1986 3024 uicissent.
2019 2984 2120 3026 Nam
2151 2984 2299 3026 nichos
2330 2997 2458 3039 grece
2487 2985 2639 3027 dicitur
2667 2986 2802 3027 uictus
2829 2984 2929 3027 binc
2943 2989 2993 3024 35

743 3050 926 3097 stichos
952 3049 1143 3096 invictus
1176 3052 1275 3098 inde
1303 3053 1425 3097 etiam
1457 3054 1687 3099 nicheteria
1719 3054 1761 3098 in
1793 3055 1941 3111 quibus
1967 3056 2170 3102 uictoriae
2197 3062 2293 3102 sunt
2324 3059 2516 3114 scriptae.
2575 3059 2669 3103 Non
2697 3057 2830 3102 solnm
2859 3057 2928 3101 in—
