3293 4057
1288 392 1589 439 -9--

483 519 645 565 Bru-a
672 520 825 565 dicitur
854 524 990 565 autem
1020 522 1089 565 uel
1135 536 1159 566 a
1189 535 1322 579 greco
1370 521 1482 577 quod
1513 525 1577 566 est
1604 522 1743 566 brosis
1772 522 1800 565 i.
1833 522 1950 566 cibus
1980 525 2074 578 quia
2116 524 2288 579 amplius
2316 525 2359 567 in
2389 524 2527 570 hieme

349 592 577 641 comeduut
600 592 794 644 homines
822 607 942 652 quam
972 595 1016 640 in
1043 599 1176 643 etate
1210 596 1324 645 unde
1362 596 1619 646 inbrumatos
1650 595 1842 640 homines
1872 595 2047 640 dicimus
2073 596 2101 639 i.
2130 596 2335 642 incibatos
2371 597 2440 642 uel
2469 597 2524 643 ab

347 679 402 713 eo
431 667 543 723 quod
572 672 637 713 est
665 668 842 712 brachiu
870 669 898 712 i.
928 670 1069 715 breuis
1100 669 1195 726 quia
1224 669 1446 714 breuiores
1475 669 1566 713 dies
1595 673 1690 714 sunt
1718 669 1762 712 in
1788 669 1925 713 hieme
1957 682 2077 726 quam
2107 669 2151 712 in
2193 675 2337 714 estate.
2371 672 2525 716 dicitur

346 745 485 786 autem
515 743 633 798 quasi
661 743 971 797 brachiemera3

297 821 331 864 ,5
482 816 705 861 Endromis
735 819 864 862 uestis
903 823 967 861 est
994 818 1144 862 uillosa
1172 817 1364 864 hiemalis
1392 817 1536 874 grauis
1566 822 1608 861 et
1627 818 1747 861 sortis
1764 822 1937 861 neturae
1967 830 2087 873 quam
2118 822 2263 861 contra
2291 819 2426 875 frigus
2456 821 2523 862 in-

348 891 552 936 duebant·

481 923 646 1019 semper·
675 982 685 1008 :
714 968 800 1010 Nos
831 969 962 1021 inquit
992 968 1154 1010 romani
1196 967 1419 1022 aliquando
1465 978 1551 1009 non
1579 971 1717 1010 tamen
1750 980 1916 1021 semper
1954 967 2128 1009 aliorum
2156 968 2337 1010 habitum
2369 981 2525 1022 possu-

346 1053 438 1083 mus
466 1042 660 1084 simulare
691 1042 814 1084 Greci
842 1055 944 1084 uero
975 1043 1087 1084 omni
1119 1046 1304 1095 tempore
1334 1041 1377 1083 id
1407 1053 1538 1095 agere
1563 1045 1738 1094 possunt
1769 1040 1952 1095 ideoque
1998 1040 2220 1094 peritiores
2251 1045 2346 1083 sunt
2373 1041 2523 1096 nobis;

479 1113 519 1156 A
544 1114 657 1169 facie
684 1130 694 1157 :
726 1116 816 1157 Hoc
846 1117 1054 1170 proprium
1084 1118 1148 1157 est
1176 1126 1398 1170 grecorum
1422 1117 1468 1155 ut
1498 1113 1716 1168 loquentes
1744 1126 1891 1156 manus
1924 1127 1947 1156 a
1978 1113 2088 1156 facie
2119 1113 2273 1156 iactent
2284 1129 2297 1166 ;

271 1193 327 1235 ιιι)
479 1190 507 1215 ⁴*
535 1187 694 1230 iactare
715 1203 725 1229 ε
746 1188 955 1242 plaudere.

478 1273 641 1304 aurea:
663 1260 845 1305 Auream
873 1259 1035 1306 trullam
1062 1263 1188 1303 uocat
1215 1272 1337 1303 anum
1366 1260 1520 1304 diuitis.
1540 1264 1710 1316 propter
1733 1260 1901 1304 diuitias
1933 1259 2036 1303 dicit
2063 1272 2246 1303 auream.

481 1335 509 1364 θ
540 1332 580 1377 si
607 1338 764 1378 rectum
786 1331 932 1377 minxit
951 1348 961 1376 z
983 1331 1085 1376 dicit
1108 1344 1203 1377 esse
1232 1331 1396 1389 signum
1428 1331 1629 1378 sanitatis.

477 1409 506 1438 θ
537 1407 766 1464 crepitum:
791 1407 970 1453 sonitum
998 1406 1026 1452 i.
1059 1406 1096 1452 si
1125 1405 1306 1463 pepedit.

478 1482 666 1537 sponsus
698 1497 708 1526 :
741 1482 857 1539 Ipsos
888 1481 1020 1538 inquit
1046 1490 1224 1537 sponsos
1256 1482 1532 1537 corrumpunt.

277 1563 323 1602 15
474 1556 501 1583 ἢ
536 1554 667 1599 leuis:
690 1555 889 1600 inberbis.

475 1630 614 1672 aulam
643 1645 652 1672 :
686 1628 1011 1686 Peruestigando
1046 1627 1216 1683 inquirit
1242 1627 1312 1670 uel
1344 1629 1489 1670 euertit
1522 1628 1611 1672 eius
1643 1627 1807 1671 domum
1840 1628 1986 1672 uolens
2016 1640 2127 1671 scire
2162 1629 2197 1670 si
2240 1628 2395 1683 aliquid
2442 1640 2516 1671 re-

337 1704 468 1758 periri
496 1708 640 1758 posset
670 1703 781 1746 unde
810 1703 861 1745 ab
890 1704 1025 1745 amico
1058 1702 1276 1755 timeatur3

476 1778 689 1821 Gimnasia
719 1794 729 1820 :
764 1776 933 1820 Gimnus
963 1777 1115 1819 dicitur
1142 1776 1274 1819 nudus
1303 1776 1398 1818 hinc
1422 1777 1629 1831 gimnasia
1658 1776 1852 1819 dicuntur
1888 1776 2182 1819 exercitiorum
2215 1777 2310 1829 loca
2341 1778 2385 1819 in
2417 1776 2514 1831 qui-

335 1854 417 1895 bus
447 1853 624 1895 athletae
655 1853 755 1893 nudi
782 1852 1044 1894 luctabantur
1078 1856 1119 1893 et
1143 1851 1375 1906 philosophi
1405 1851 1707 1893 exercebantur
1736 1851 1884 1893 studiis
1912 1851 2091 1892 diuersis
2106 1866 2118 1902 ;

262 1930 323 1981 0²⁰
475 1926 637 1969 abollae
670 1942 680 1968 ε
710 1927 860 1968 Abolla
891 1931 954 1968 est
984 1927 1113 1967 uestis
1153 1928 1361 1968 senatoria
1388 1930 1513 1981 togae
1540 1927 1702 1968 scilicet
1737 1938 1886 1982 genus.
1924 1927 2030 1968 Hinc
2070 1926 2181 1966 alibi.
2214 1927 2341 1979 Rapta
2373 1939 2510 1981 pega-

338 2015 411 2044 sus
439 2001 691 2057 properabat
718 2001 867 2041 abolla.
928 2001 1030 2040 dicit
1057 2013 1160 2054 ergo
1193 2001 1286 2053 quia
1303 2000 1415 2053 loqui
1447 2000 1656 2053 coepimus
1689 1999 1741 2040 de
1779 2000 1922 2054 grecis
1959 1999 2176 2053 loquamur
2204 2000 2327 2040 etiam
2357 2000 2411 2041 de
2440 1999 2508 2053 his

339 2078 411 2130 qui
440 2077 677 2131 philosophi
707 2081 804 2119 sunt
836 2081 876 2119 et
904 2077 948 2117 in
978 2089 1134 2118 summa
1163 2081 1397 2118 senatorum
1430 2075 1630 2129 dignitate
1652 2075 1876 2117 constituti.
1906 2075 2009 2117 Nam
2036 2078 2195 2116 uestem
2225 2086 2301 2127 pro
2333 2074 2400 2116 his
2432 2073 2506 2128 qui

340 2165 392 2195 ea
422 2157 590 2195 utuntur
613 2153 752 2207 posuit
762 2168 774 2205 ;

476 2226 640 2269 Stoicus
671 2242 681 2268 z
710 2227 960 2270 Heledorum
981 2226 1186 2281 significat
1202 2228 1374 2270 stoicum
1401 2224 1469 2278 qui
1496 2223 1665 2265 baream
1683 2222 1857 2264 amicum
1879 2234 1997 2263 suum
2028 2225 2068 2264 et
2100 2222 2349 2277 discipulum
2379 2225 2504 2277 atque

272 2306 323 2341 25
341 2300 487 2341 domus
517 2312 618 2341 suae
648 2305 962 2356 procuratorem
995 2301 1204 2343 delatione
1232 2313 1305 2342 sua
1348 2300 1446 2341 fecit
1473 2297 1648 2337 interfici
1679 2309 1702 2335 a
1731 2308 1909 2347 nerone;

474 2375 502 2398 θ
532 2373 576 2413 in
604 2374 678 2414 illa
699 2388 709 2413 :
731 2374 774 2414 in
803 2374 892 2427 ipso
923 2374 1037 2415 sonte
1065 2373 1364 2427 philosophiae.

473 2445 661 2487 caballi:
692 2446 894 2500 Pegasum
936 2446 1085 2487 alatum
1131 2445 1338 2500 significat
1373 2444 1425 2486 de
1460 2443 1660 2498 sanguine
1701 2454 1937 2497 gorgonum
1978 2447 2130 2484 natum.
2161 2456 2256 2485 nam
2287 2456 2507 2498 gorgones

336 2523 423 2562 tres
452 2520 618 2562 fuerunt
644 2530 815 2562 sorores
843 2530 926 2561 uno
957 2519 1080 2561 oculo
1113 2523 1288 2561 utentes.
1335 2530 1434 2572 quas
1471 2527 1641 2572 perseus
1680 2517 1829 2555 missus
1870 2527 1895 2554 a
1922 2515 2110 2555 minerua
2152 2527 2243 2555 cum
2273 2516 2506 2564 cristallino

338 2591 472 2647 clipeo
503 2604 556 2634 ne
588 2604 678 2634 eam
705 2595 878 2646 possent
905 2591 1052 2634 uidere
1081 2592 1302 2634 interfecit.
1333 2592 1393 2633 De
1427 2603 1594 2646 quarum
1613 2590 1816 2646 sanguine
1843 2594 1965 2633 natus
1998 2594 2062 2633 est
2088 2602 2273 2645 pegasus
2305 2591 2376 2645 qui
2410 2602 2512 2641 cur,-

264 2671 323 2708 .30
337 2675 437 2706 rens
465 2664 517 2706 ad
546 2668 726 2705 montem
758 2664 925 2706 aonium
956 2664 1124 2706 boetiae
1167 2664 1274 2718 pede
1302 2666 1503 2719 percussit
1531 2670 1681 2707 terram
1709 2669 1749 2707 et
1768 2665 1924 2707 fontem
1958 2665 2173 2707 castalium
2202 2665 2401 2719 produxit
2433 2665 2505 2720 qui

339 2741 381 2779 et
409 2749 616 2792 pegaseus
643 2736 712 2779 uel
742 2737 945 2778 eliconius
975 2737 1069 2778 fons
1097 2742 1272 2779 uocatur
1297 2739 1422 2780 musis
1447 2743 1645 2781 sacratus.
1692 2738 1744 2779 de
1773 2749 1854 2791 quo
1885 2737 2121 2792 philosophi
2151 2737 2221 2779 uel
2248 2742 2401 2792 poetae
2431 2738 2501 2788 bi-

337 2812 440 2854 bere
472 2812 675 2853 dicuntur.
724 2811 822 2854 licet
850 2812 980 2866 inquit
1013 2812 1073 2853 ea*
1116 2802 1309 2865 princeps
1352 2813 1574 2853 stoicorum
1605 2816 1645 2853 et
1676 2811 1851 2852 nutritus
1881 2811 1924 2851 in
1952 2811 2043 2864 ipso
2073 2812 2190 2854 sonte
2219 2812 2500 2875 philosophati

338 2885 393 2928 ad
421 2889 576 2927 tantum
609 2888 746 2927 tamen
775 2885 967 2939 delapsus
997 2888 1060 2926 est
1091 2884 1228 2926 scelus
1262 2888 1306 2926 ut
1335 2885 1507 2926 amicum
1538 2885 1774 2935 occideret;

475 3067 531 3101 11.
557 3073 687 3096 aurea:
714 3060 855 3096 trullam
881 3072 1022 3096 auream
1049 3072 1174 3096 sonum
1211 3061 1298 3096 dicit
1322 3063 1455 3096 uentris
1481 3067 1516 3096 et
1543 3067 1676 3106 partem
1702 3061 1892 3096 obscenam
1918 3060 2040 3095 diuitis
2066 3061 2236 3097 hominis.
2265 3061 2306 3098 C.
2445 3064 2506 3102 20.

336 3108 457 3145 abolla
481 3120 596 3158 genus
621 3110 733 3146 uestis
771 3114 847 3145 erat
872 3120 941 3157 qua
971 3109 1112 3146 nobiles
1148 3115 1184 3145 et
1226 3115 1408 3146 senatores
1434 3110 1622 3145 utebantur
1654 3114 1691 3145 ct
1719 3108 1777 3145 hic
1811 3118 1875 3156 pro
1914 3109 2152 3155 nobilioribus
2179 3110 2346 3156 personis
2371 3111 2504 3155 posuit.

335 3164 376 3191 ut
400 3160 430 3192 si
456 3159 592 3193 diceret
615 3161 804 3193 sanctioris
828 3159 1092 3203 philosophiae.
1120 3159 1159 3192 C.
2386 3163 2516 3205 *a

2205 3231 2235 3273 2
