3293 4057
1612 541 2000 592 SATIRA
2067 540 2145 588 111.

926 675 1042 721 Haec
1072 681 1211 732 satyra
1243 676 1395 731 scripta
1432 680 1494 719 est
1528 675 1580 719 de
1610 675 1804 718 umbricii
1845 673 2093 730 egressione
2120 687 2144 716 a
2170 686 2302 716 roma.
2332 687 2427 716 nam
2458 675 2686 718 umbricius
2716 677 2854 719 fuerat
2883 677 2984 733 qui-

790 749 888 793 dam
919 750 1078 793 amicus
1109 755 1149 793 et
1185 750 1404 792 coauditor
1432 749 1640 793 quenalis
1662 749 1934 804 philosophus
1962 750 2032 804 qui
2056 760 2141 792 non
2171 748 2312 790 ferens
2332 748 2432 789 uitia
2453 760 2654 791 romanae
2684 751 2801 793 urbia
2829 764 2984 808 egre·-

792 835 865 867 sus
896 828 961 868 est
989 823 1087 867 inde
1112 828 1153 867 et
1197 836 1337 867 cumas
1369 824 1579 867 ciuitatem
1608 824 1853 879 campaniae
1892 823 2069 867 ueniens
2108 823 2168 866 ibi
2196 822 2380 865 abitauit.
2449 822 2647 873 Quamuis
2677 825 2984 880 inquit-trinu·

792 910 869 953 pro
902 911 953 941 eo
999 897 1112 952 quod
1135 896 1301 940 amicus
1333 910 1451 941 meus
1480 898 1531 940 ab
1561 897 1665 941 urbe
1697 898 1859 942 recedit
1896 898 2023 941 laudo
2053 902 2192 941 tamen
2221 897 2303 940 hoc
2334 896 2445 951 quod
2469 908 2562 939 non
2592 897 2646 939 ad
2672 897 2811 942 infima
2841 900 3021 956 porgits

797 971 891 1015 loca
921 970 997 1013 sed
1029 984 1172 1014 cumas
1204 972 1307 1026 petit
1334 985 1442 1026 quae
1471 976 1637 1014 sacrata
1667 976 1733 1015 est
1757 972 1856 1030 ⁴§fluia
1889 971 1947 1013 ibi
1978 971 2056 1014 fuit
2081 974 2200 1013 uates
2228 970 2403 1025 sybilla3

927 1044 1105 1086 uacuis:
1140 1045 1192 1088 ad
1224 1045 1578 1100 comparationem
1610 1055 1755 1088 romae
1785 1044 1886 1087 dicit
1914 1056 2023 1099 quae
2053 1043 2388 1098 frequentissima
2413 1047 2476 1086 est
2507 1043 2534 1086 i.
2565 1056 2650 1087 non
2678 1044 2735 1087 ita
2764 1044 2979 1098 populosis

790 1121 834 1160 ut
864 1121 927 1160 est
961 1129 1112 1170 roma;

922 1191 1131 1232 destinet:
1164 1192 1376 1234 destinare
1408 1196 1472 1234 est
1500 1190 1554 1233 ad
1583 1190 1704 1240 fidfln
1735 1190 1892 1245 aliquid
1924 1190 2168 1244 disponere;

926 1263 1066 1306 Ianua
1095 1265 1123 1306 i.
1158 1265 1376 1320 ingressus
1407 1268 1472 1307 est
1508 1265 1569 1308 ad
1599 1263 1794 1307 baianum
1837 1264 1971 1307 solum
2009 1264 2098 1319 ipsa
2127 1264 2274 1306 ciuitas
2306 1276 2530 1307 cumarum.
2588 1265 2691 1308 Nam
2721 1265 2843 1309 baiae
2869 1266 2980 1309 ciui-
2998 1280 3046 1318 ιο

787 1341 851 1379 tas
882 1343 949 1379 est
978 1340 1224 1392 campaniae
1245 1340 1366 1381 iuxta
1385 1350 1528 1380 cumas
1560 1342 1603 1380 et
1634 1338 1688 1380 de
1719 1338 1850 1379 cumis
1873 1349 1987 1392 -quae
2017 1342 2080 1380 est
2106 1348 2231 1393 supra
2259 1337 2354 1379 litus
2378 1368 2387 1378 .
2412 1369 2421 1378 .
2455 1339 2540 1380 aris
2568 1339 2809 1394 peruenitur
2834 1339 2980 1393 baias;

923 1414 1185 1466 proelium:
1212 1415 1412 1456 'Prochita
1440 1414 1589 1455 ciuitas
1624 1419 1688 1455 est
1719 1415 1761 1453 in
1791 1414 1925 1454 insula
1961 1412 2137 1466 quadam
2167 1412 2219 1452 ad
2249 1423 2370 1466 quam
2398 1412 2462 1453 rei
2490 1411 2776 1468 religabantur
2815 1413 2859 1455 in
2887 1413 2984 1456 exi-

786 1487 902 1529 lium.
960 1488 1126 1531 Subura
1158 1494 1295 1530 autem
1327 1489 1461 1543 platea
1509 1492 1573 1530 est
1601 1499 1746 1529 romae
1791 1487 2083 1529 famosissima.
2154 1487 2247 1529 Non
2291 1486 2421 1540 inquit
2460 1486 2606 1528 mirum
2647 1489 2711 1529 est
2753 1486 2789 1528 si
2818 1486 2978 1530 amicus

791 1574 911 1604 meus
939 1574 1100 1604 romam
1130 1563 1325 1604 uitiosam
1357 1562 1464 1618 sugit
1489 1566 1530 1604 et
1561 1573 1703 1603 cumas
1731 1562 1833 1616 petit
1866 1574 1959 1603 cum
1980 1573 2062 1617 ego
2094 1561 2216 1604 etiam
2247 1560 2475 1615 prochitam
2507 1560 2795 1603 damnatorum
2827 1561 2981 1604 ciuita-

787 1640 872 1678 tem
902 1636 1119 1678 meliorem
1151 1648 1270 1678 roma
1299 1636 1472 1688 iudic03

922 1712 953 1736 ⁴*
981 1721 1195 1751 recessus:
1228 1710 1273 1751 in
1305 1713 1471 1753 secreto
1505 1712 1546 1752 et
1575 1720 1752 1752 amoeno
1784 1712 1848 1752 est
1879 1708 1991 1752 loco.

924 1784 956 1809 ⁴*
985 1782 1198 1825 suburae:
1230 1794 1389 1825 romae.

925 1858 957 1884 ⁴*
985 1857 1122 1898 solum
1149 1872 1161 1898 ε
1194 1857 1418 1898 desertum.

924 1934 974 1972 ut
1012 1943 1098 1973 non
1130 1946 1142 1973 ε
1171 1931 1384 1974 Describit
1428 1931 1613 1987 pericula
1651 1944 1758 1986 quae
1799 1943 1876 1974 suo
1905 1936 2092 1987 tempore
2139 1932 2183 1974 in
2211 1932 2315 1975 urbe
2346 1932 2595 1977 accidebant
2635 1933 2830 1978 incendia
2860 1934 2982 1977 scili-

788 2009 857 2049 cet
888 2009 933 2049 et
962 2009 1136 2059 cetera3

925 2082 955 2107 ⁴*
974 2080 1120 2122 ,milet
1152 2081 1292 2124 finitus
1321 2093 1401 2137 pro
1431 2081 1605 2124 infinito.

930 2154 1155 2197 recitantes
1179 2160 1360 2209 poetas:
1390 2156 1544 2198 Poetae
1589 2156 1702 2199 soliti
1731 2162 1849 2199 erant
1875 2159 2055 2201 recitare
2084 2157 2268 2201 carmina
2306 2161 2348 2199 et
2377 2157 2476 2200 inde
2504 2157 2732 2200 alebantur.
2787 2157 2875 2201 Sed
2902 2169 2983 2201 ro-

801 2240 1022 2272 manorum
1049 2229 1226 2272 auaritia
1255 2233 1370 2274 tanta
1401 2234 1492 2274 erat
1516 2236 1560 2273 ut
1586 2231 1711 2273 etiam
1742 2236 1919 2287 augusto
1948 2244 2091 2275 mense
2123 2231 2290 2286 quando
2317 2231 2511 2274 collectio
2537 2236 2578 2274 et
2606 2230 2886 2274 habundantia
2916 2234 2981 2274 est

799 2304 968 2360 frugum
997 2304 1135 2359 poetis
1165 2304 1360 2349 alimenta
1392 2310 1599 2362 negarent
1628 2305 1710 2348 nisi
1737 2305 2017 2356 recitassent3

927 2376 1007 2419 sod
1032 2377 1130 2419 dun
1166 2378 1196 2420 i.
1228 2378 1323 2422 dum
1366 2391 1531 2421 omnem
1562 2378 1862 2433 supellectilem
1903 2378 2051 2420 domus
2094 2391 2196 2420 suae
2225 2391 2309 2420 uno
2341 2379 2384 2420 in
2412 2378 2606 2420 uehiculo
2643 2377 2805 2420 iuberet
2839 2377 2981 2433 inponi
2999 2384 3049 2419 25

789 2450 959 2494 interim
989 2450 1109 2495 uenit
1140 2451 1201 2495 ad
1241 2451 1355 2495 iilum
1394 2452 1532 2495 locum
1563 2452 1678 2496 urbis
1707 2453 1777 2507 qui
1807 2453 1960 2494 dicitur
1988 2453 2040 2495 ad
2071 2458 2238 2495 ueteres
2268 2464 2391 2495 arcus
2418 2453 2560 2507 ibique
2598 2452 2762 2494 locutm
2795 2457 2859 2495 est
2886 2465 2982 2494 cum

789 2525 987 2568 iuuenaie
1013 2536 1149 2580 quate
1180 2523 1328 2568 urbem
1367 2525 1595 2568 desereret.
1656 2527 1830 2568 Ueteres
1876 2531 2012 2568 autem
2044 2539 2167 2569 arcus
2198 2527 2444 2569 dicebantur
2472 2531 2643 2581 propter
2672 2538 2804 2580 aquae
2835 2526 2982 2568 ductas

793 2598 865 2654 qui
896 2598 1078 2654 desupu·
1106 2599 1511 2651 trmuebebantur;

928 2684 1019 2716 una
1045 2672 1173 2715 roda:
1202 2671 1417 2728 significat
1449 2686 1541 2715 eum
1566 2686 1789 2728 pauperem
1820 2674 1950 2716 fuisse
1979 2674 2075 2716 dum
2099 2674 2202 2716 dicit
2229 2685 2377 2716 omnes
2402 2673 2638 2716 sarcinulas
2671 2673 2762 2715 eius
2793 2684 2877 2714 uno
2907 2685 2988 2715 ue-

794 2747 937 2791 hiculo
966 2747 1155 2802 potuine
1188 2746 1384 2801 componi
1396 2761 1409 2799 3
3001 2748 3052 2784 ao

938 2821 997 2864 ad
1022 2824 1188 2864 ueteres
1218 2832 1372 2864 arcus:
1405 2821 1568 2865 Nomen
1598 2821 1680 2864 loci
1712 2827 1800 2864 erat
1833 2821 1943 2875 quod
1975 2822 2031 2862 ita
2062 2822 2293 2863 uocabatur
2320 2826 2487 2863 ueteres
2515 2834 2638 2864 arcus
2649 2836 2661 2872 5

3000 1646 3046 1683 15

2995 2013 3045 2051 20

927 2970 971 3006 V.
998 2971 1033 3005 2.
1062 2970 1166 3005 Urbis
1207 2981 1331 3005 romae
1373 2972 1693 3006 conuersacionem
1730 2970 1929 3006 detestatur
1959 2973 2026 3008 sub
2090 2984 2218 3009 ernon·
2243 2973 2407 3009 umbricii
2433 2973 2489 3008 sui
2515 2974 2632 3009 amici.
2684 2972 2752 3009 Hic
2777 2973 2872 3009 enim
2900 2972 2985 3008 odio

792 3016 893 3052 urbis
918 3020 956 3054 in
982 3020 1170 3064 camp-nin
1196 3021 1323 3065 posuit
1356 3019 1467 3054 larem
1494 3021 1554 3054 ubi
1582 3022 1778 3054 uaticinatn
1804 3026 1860 3054 est
1888 3022 2020 3064 sybilla
2079 3048 2086 3056 .
2184 3033 2209 3056 a
2235 3032 2338 3056 roma
2354 3033 2367 3056 .·
2396 3031 2517 3056 romae
2543 3021 2583 3057 B.
2704 3022 2740 3056 4.
2768 3022 2917 3056 trintiui
2941 3020 2984 3055 B.

795 3066 832 3103 5.
859 3072 981 3105 tamen
1005 3066 1102 3112 quod
1128 3067 1169 3102 Β.
1301 3068 1336 3103 6.
1364 3068 1484 3103 sibilia
1510 3067 1549 3103 B.
1678 3069 1733 3103 11.
1761 3066 1848 3102 litus
1873 3070 1979 3103 maris
2005 3069 2046 3104 B.
2177 3071 2233 3106 13.
2261 3075 2380 3105 autem
2421 3075 2475 3105 est
2501 3070 2560 3104 uia
2587 3080 2708 3105 romae
2734 3069 2776 3104 Β.
2925 3070 2987 3105 25.

802 3124 876 3150 uno
901 3114 1074 3151 uebicuio
1101 3114 1142 3149 B.
1244 3115 1303 3150 28.
1332 3116 1554 3150 uehebantur
1580 3116 1621 3149 B.
