3293 4057
431 446 452 511 '³
498 451 721 496 *lum
748 470 760 496 e
790 455 1051 512 irriguum.

509 525 656 568 bid-u
684 542 697 569 t
724 528 1039 572 insu-amentum
1069 534 1133 571 est
1151 530 1351 572 rusticum
1381 530 1561 572 ferreum
1592 544 1616 572 a
1647 529 1808 572 duobus
1829 529 2019 572 dentibus
2040 531 2202 573 dictum.
2232 531 2415 575 bidental
2442 545 2544 576 uero

368 600 623 645 uaefflffex
647 601 826 654 <raihun

508 677 752 731 nicam-eis
782 693 793 719 :
823 677 1041 734 Pitagoras
1069 678 1260 721 omnibus
1290 677 1535 722 animalibus
1563 678 1760 721 abstinuit
1798 681 1838 722 et
1868 677 2005 722 sabam
2043 690 2127 722 non
2173 679 2364 722 comedit.
2421 682 2543 725 talem

333 752 509 807 sinquit
536 755 672 803 orm
709 751 754 795 in
789 752 988 807 praefatis
1027 750 1254 796 ciuitatulis-
1288 756 1436 797 extrue
1468 752 1523 797 de
1562 765 1644 808 quo
1687 752 1824 809 possis
1863 757 2024 797 centum
2064 752 2279 809 pitagorae
2315 757 2543 800 sectatores

346 831 348 834 ’
372 827 561 881 saciar03

461 913 473 935 :-
511 904 540 930 θ
568 907 631 945 oet
658 902 817 957 aliquid
844 920 855 946 ε
884 903 1022 958 placet
1050 907 1091 947 et
1117 903 1229 947 ualet
1255 902 1393 947 alicui.

510 989 752 1032 quocunque
779 978 869 1021 loco
902 994 912 1020 ε
943 977 1043 1022 Ideo
1073 978 1204 1033 inquit
1232 990 1377 1022 romae
1404 976 1594 1021 uolumus
1625 976 1813 1022 habitare
1838 981 1883 1020 ut
1902 977 2059 1021 domini
2090 978 2217 1020 simus
2246 978 2435 1021 aliorum.
2471 979 2547 1021 sed

373 1052 469 1106 quia
497 1064 642 1095 romae
684 1052 839 1095 domini
878 1064 973 1094 esse
1006 1062 1091 1093 non
1127 1063 1345 1105 possumus
1384 1063 1470 1093 non
1498 1051 1686 1095 ualentes
1721 1051 1807 1094 illic
1835 1065 2005 1095 manere
2027 1052 2139 1095 ualet
2167 1052 2275 1106 apud
2305 1064 2384 1094 nos
2432 1053 2469 1094 si
2501 1053 2545 1094 in

295 1131 357 1175 ''10
372 1126 511 1181 aliqua
541 1125 750 1168 ciuitatula
778 1125 923 1167 saltem
951 1128 1073 1166 unius
1100 1124 1283 1167 lacertae
1325 1125 1353 1166 i.
1385 1125 1497 1167 serui
1542 1124 1700 1168 domiui
1739 1137 1835 1169 esse
1862 1125 2071 1180 possimus
2112 1125 2181 1168 uel
2210 1126 2332 1167 unius
2360 1125 2545 1169 lacertae

371 1201 400 1241 i.
426 1201 521 1241 orti.
552 1199 708 1241 lacerta
739 1199 849 1239 enim
878 1198 921 1238 in
938 1199 1040 1239 ortis
1069 1198 1206 1240 solent
1234 1210 1343 1240 esse.
1376 1199 1413 1239 si
1441 1202 1576 1241 autem
1605 1198 1760 1253 legitur
1787 1199 1982 1242 lacernae
2001 1203 2046 1241 ut
2067 1199 2232 1253 quidam
2259 1199 2415 1242 habent
2443 1211 2545 1242 sen-

370 1287 443 1316 sus
472 1275 552 1316 erit
578 1273 925 1314 unius·lacernae
953 1273 981 1312 i.
1011 1272 1132 1312 unius
1159 1271 1340 1313 hominis
1367 1275 1523 1313 uestem
1553 1284 1630 1324 pro
1659 1271 1827 1316 homine
1855 1271 2136 1327 accipientes;

507 1349 536 1374 ⁴*
561 1346 768 1400 plurimus
799 1357 875 1399 pro
901 1344 1077 1399 plurimi.
1635 1389 1642 1397 Ι

480 1418 483 1420 ’
510 1424 539 1449 ⁴*
571 1419 779 1474 uigilando
809 1435 818 1460 :
847 1422 1017 1473 propter
1043 1418 1191 1461 nimias
1217 1418 1384 1474 uigilias
1413 1431 1514 1473 prae
1543 1419 1693 1463 sonitu.

306 1505 352 1540 15
505 1497 534 1522 θ
562 1494 815 1549 inperfectus
843 1509 853 1534 :
882 1491 1114 1547 indigestus
1144 1503 1229 1533 non
1257 1491 1427 1534 solutus.

505 1567 715 1610 stomacho
749 1582 759 1608 :
792 1566 1037 1608 Stomachus
1081 1565 1217 1606 cibum
1247 1577 1332 1607 non
1360 1565 1504 1608 ualens
1535 1566 1729 1621 digerere
1757 1571 1798 1609 et
1829 1578 2108 1621 exquoquere.
2153 1568 2271 1610 ardet
2305 1568 2401 1610 ideo
2436 1568 2539 1609 dixit

367 1644 531 1686 ardenti
560 1641 790 1685 stomacho.

502 1715 717 1759 meritoria
745 1714 937 1756 dicuntur
966 1714 1164 1756 tabernae
1193 1713 1263 1756 uel
1306 1714 1510 1768 quaelibet
1544 1714 1638 1757 loca
1678 1714 1723 1756 in
1762 1713 1910 1769 quibus
1950 1714 2220 1758 mercimonia
2265 1716 2537 1770 adquiruntur

369 1803 478 1845 quae
506 1794 718 1832 merentur
748 1790 774 1830 i.
805 1789 1060 1831 mereedant.
1090 1788 1159 1830 uel
1186 1789 1397 1830 meritoria
1424 1789 1515 1831 loca
1547 1788 1812 1831 tenebrarum
1849 1788 1919 1829 ubi
1951 1788 2152 1831 adulteria
2182 1795 2394 1844 patrantur
2421 1792 2532 1833 unde

293 1868 351 1914 T20
369 1870 410 1908 et
436 1849 678 1907 meretrices
707 1863 855 1906 dictae.
2338 1921 2340 1924 ι

501 1936 661 1992 magnis
693 1935 840 1990 opibus
861 1953 870 1979 :
889 1936 954 1980 Ac
982 1937 1019 1980 si
1042 1937 1202 1981 diceret
1229 1937 1308 1980 soli
1341 1937 1489 1981 diuites
1520 1937 1727 1980 dormiunt
1766 1937 1809 1979 in
1838 1937 1919 1979 hac
1948 1937 2052 1980 urbe
2082 1938 2149 1992 qui
2177 1938 2329 1980 habent
2357 1939 2464 1980 latas
2493 1943 2534 1980 et

364 2011 583 2066 spaciosas
610 2010 757 2055 domos
788 2015 830 2055 et
856 2010 1035 2054 triclinia
1067 2024 1091 2054 a
1120 2010 1287 2066 publico
1317 2015 1485 2054 remota.

503 2085 705 2128 dormitur
737 2101 747 2127 :
775 2085 877 2128 Nam
907 2085 990 2128 nisi
1018 2097 1170 2141 magna
1198 2085 1385 2140 potentia·
1408 2085 1614 2129 silentium
1643 2085 1794 2128 uicinis
1819 2085 2042 2140 imponitur
2070 2085 2251 2128 tabernis
2278 2086 2345 2127 uel
2380 2096 2533 2140 magno

363 2162 501 2215 pretio
535 2173 704 2203 somnus
735 2164 898 2204 constat
926 2159 1037 2214 quod
1066 2160 1187 2202 datur
1213 2157 1534 2214 inquietudinem
1564 2157 1859 2213 generantibus
1874 2173 1886 2210 ;

298 2249 348 2289 25
501 2236 530 2261 ⁴*
561 2233 662 2275 Inde
690 2250 699 2275 :
725 2247 778 2276 ex
803 2233 958 2288 uigiliis
989 2233 1127 2275 nimiis
1159 2236 1201 2275 et
1236 2232 1404 2287 strepitu
1431 2231 1620 2274 confuso.

501 2310 530 2335 ⁴*
562 2312 688 2361 caput
716 2323 725 2348 :
762 2309 896 2363 origo.

501 2383 530 2408 ⁴*
560 2381 756 2422 redarum
786 2396 795 2422 :
826 2381 1101 2435 plaustrorum
1133 2381 1402 2423 stridentium.

498 2457 527 2482 ⁴*
562 2454 711 2497 stantis
741 2470 751 2496 ε
783 2454 1001 2497 eminentis
1030 2454 1074 2495 in
1102 2465 1237 2495 curru.

499 2529 677 2572 mnam
708 2546 718 2572 :
750 2541 878 2585 agaso
910 2529 986 2571 fuit
1012 2528 1081 2571 uel
1109 2528 1235 2570 mulio
1269 2528 1466 2582 superbus
1498 2527 1565 2581 qui
1597 2531 1709 2569 stans
1737 2526 1780 2568 in
1810 2539 1935 2569 curru
1962 2526 2109 2569 solitus
2136 2531 2224 2568 erat
2254 2538 2407 2582 magno
2439 2526 2529 2568 cla-

296 2618 348 2655 30
364 2617 483 2648 more
512 2604 745 2648 conuitiare
779 2606 1040 2647 transeuntes
1057 2614 1261 2658 pauperes
1290 2601 1397 2657 quod
1415 2601 1591 2644 transire
1618 2601 1706 2655 ipse
1732 2611 1817 2642 non
1846 2605 2001 2656 posset.
2031 2605 2166 2642 tantus
2190 2601 2321 2655 inquit
2348 2600 2391 2641 fit
2421 2604 2533 2641 stre-

362 2680 474 2734 pitus
505 2679 780 2734 plaustrorum
813 2682 1029 2733 tantusque
1061 2677 1218 2720 clamor
1245 2677 1441 2720 mandrae
1473 2680 1518 2717 ut
1547 2676 1693 2718 drusus
1723 2675 2027 2717 somniculosus
2057 2674 2123 2717 uel
2150 2675 2272 2716 socae
2303 2687 2410 2729 quae
2437 2679 2533 2716 sunt

362 2752 648 2796 somniculosa
678 2752 870 2795 animalia
899 2752 1084 2794 dormire
1113 2763 1196 2794 non
1223 2755 1397 2805 queant!

504 2980 538 3015 9.
570 2977 668 3011 ualet
694 2977 829 3023 aliquid
855 2977 947 3021 apud
974 2976 1012 3011 C.
1188 2981 1241 3015 w.
1271 2979 1294 3013 i.
1319 2978 1422 3011 unius
1448 2978 1541 3011 serui
1569 2975 1608 3011 C.
1734 2979 1790 3014 18.
1816 2976 2000 3010 meritoria
2032 2986 2213 3009 somnum:
2241 2974 2387 3009 Sonitus
2416 2974 2532 3020 inquit

362 3025 607 3070 plaustrorum
634 3030 842 3060 onustorum
870 3030 905 3059 et
931 3025 1118 3070 multiplex
1144 3026 1240 3060 urbis
1266 3026 1425 3061 fremitus
1450 3026 1622 3060 insomnia
1640 3024 1840 3059 bominibus
1861 3024 1970 3058 infert
1994 3028 2029 3058 et
2055 3023 2202 3070 uigilias
2228 3029 2336 3069 atque
2363 3023 2446 3057 inde
2472 3025 2532 3056 in-

362 3073 493 3108 firmati
519 3074 729 3108 moriuntur.
758 3072 797 3107 G.

2090 3145 2119 3189 3
