3293 4057
1658 305 1998 352 —14-

800 462 802 464 -
866 431 1067 476 Pveubestu
1098 433 1250 478 ciuitas
1283 438 1350 478 est
1378 434 1493 479 iuxta
1519 446 1679 479 romam
1707 436 1752 479 in
1781 435 2062 492 praenestinis
2090 435 2172 479 sita
2198 435 2423 480 monulus.
2450 439 2517 479 est
2544 438 2682 478 antem
2707 433 2790 477 lice
2819 434 2918 477 loeo

727 506 976 551 “terbimn
1003 510 1203 563 preneste
1232 509 1342 553 sicut
1368 514 1410 552 et
1436 509 1615 553 uolsinis
1639 514 1682 553 et
1707 510 1859 566 gabiis.
1891 504 2108 553 Uolsinien
2135 512 2178 551 a
2205 509 2360 564 gabiae
2385 510 2554 551 nomina
2583 513 2680 551 m
2704 510 2923 552 ciuitatum

725 574 943 636 ‘muter
969 583 1138 627 inflexa.
1170 582 1325 626 dicitur
1353 587 1488 626 autem
1517 586 1740 638 praeneste
1782 591 1807 626 a
1838 585 1939 637 potu
1973 580 2094 636 prinu
2131 578 2160 621 i.
2206 579 2428 624 abitieibas
2456 588 2538 635 qne
2568 582 2628 624 ibi
2660 577 2913 625 mundent.

727 657 795 697 est
825 655 940 698 enim
967 656 1099 698 arbor
1126 655 1367 711 glandifera
1396 660 1438 699 et
1468 656 1621 699 dicitur
1649 658 1695 698 in
1721 666 1852 713 greco
1879 654 2050 710 primm

868 729 1020 771 tiburis
1050 745 1061 771 :
1091 730 1218 772 Tibur
1249 730 1444 785 oppidum
1474 734 1538 773 est
1568 731 1731 774 tusciae
1759 730 1803 772 in
1830 729 1964 774 latere
1991 727 2143 771 montis
2171 731 2305 770 aetum
2330 728 2445 771 unde
2471 728 2530 770 ait
2555 730 2677 783 proni
2707 729 2735 771 i.
2764 729 2916 773 deuexi
2933 733 2959 771 s

728 803 845 857 quod
876 803 1179 846 edificauerunt
1205 807 1292 846 tres
1321 804 1473 846 fratres
1501 804 1718 847 uenientes
1753 803 1805 846 de
1851 802 1997 857 grecia
2042 800 2111 855 qui
2142 800 2243 843 dicti
2275 803 2372 843 sunt
2398 799 2511 843 tibur
2537 801 2688 845 acilius
2716 807 2757 845 et
2786 815 2916 847 corax

730 879 774 918 et
797 888 821 918 a
852 876 1022 920 nomine
1045 877 1215 920 maioris
1245 877 1385 920 fratris
1416 889 1570 919 nomen
1599 879 1797 931 sumpsit;

868 949 1013 993 arbem
1041 951 1212 993 colinton:
1234 966 1244 993 ε
1268 950 1370 994 Colo
1400 949 1575 994 uerbum
1603 954 1668 994 est
1695 949 1821 993 multa
1851 949 2107 1006 significans.
2140 948 2349 1005 significat
2376 948 2487 992 enim
2518 945 2614 992 colo
2644 950 2855 995 dominum
2884 953 2913 994 i.

728 1028 928 1068 ueneror.
957 1027 1001 1069 et
1031 1025 1126 1068 colo
1156 1025 1367 1068 hominem
1397 1024 1425 1066 i.
1455 1024 1602 1080 dilige.
1645 1025 1688 1067 et
1724 1024 1820 1066 colo
1850 1025 2002 1066 terram
2034 1023 2062 1064 i.
2105 1030 2248 1066 exaro.
2288 1026 2336 1066 et
2371 1022 2467 1065 colo
2502 1023 2690 1066 inhabito
2734 1025 2843 1067 sicat
2869 1026 2914 1067 in

727 1098 812 1142 hoc
840 1099 938 1142 loco
959 1114 971 1151 3
2934 1102 2981 1147 Ν

866 1171 1033 1213 tibicine
1060 1187 1072 1213 ε
1102 1171 1299 1213 Tibicinis
1330 1174 1456 1213 uocat
1485 1170 1618 1213 fulcra
1648 1169 1719 1212 uel
1760 1170 1902 1212 liu-eas
1944 1170 2095 1224 quibua
2133 1172 2318 1225 parietes
2352 1171 2537 1213 semiruti
2578 1170 2917 1215 sustentabantur

729 1248 772 1287 et
809 1243 1041 1287 declinatur
1078 1243 1184 1287 haec
1221 1242 1406 1285 tibicinis
1447 1247 1584 1287 autem
1615 1246 1682 1286 est
1719 1238 2019 1286 indeclinabile
2049 1244 2146 1298 quia
2195 1244 2295 1287 alibi
2331 1255 2430 1286 raro
2474 1254 2647 1299 usquam
2689 1245 2912 1287 inuenitur.

726 1318 969 1374 Exaggerat
1001 1321 1137 1360 autem
1168 1316 1355 1372 pericula
1389 1329 1497 1372 quae
1526 1316 1628 1360 fiunt
1656 1328 1801 1359 romae
1841 1317 1884 1358 in
1913 1317 2045 1359 ruinis
2073 1322 2285 1361 niumm-um
2325 1320 2368 1362 et
2396 1319 2561 1362 aedium
2588 1323 2843 1362 uetustamm
2872 1325 2914 1363 et

725 1391 933 1435 incendiis
966 1390 1127 1433 crebris
1158 1389 1384 1433 densarum
1416 1391 1626 1433 domum.
1658 1389 1715 1432 At
1738 1388 1948 1431 Tibicines
1975 1394 2070 1431 sant
2100 1389 2316 1434 columnae
2345 1390 2492 1446 quibus
2520 1391 2665 1432 rustici
2698 1403 2773 1433 sua
2802 1396 2912 1435 tecta

724 1463 913 1506 fulciunt.
973 1461 1093 1506 Unde
1118 1462 1310 1518 uirgilius
1342 1474 1419 1516 per
1447 1463 1764 1506 translationem
1800 1461 1994 1504 tibicines
2023 1468 2148 1505 vocat
2176 1464 2408 1506 emisticbia
2437 1476 2512 1506 sua
2528 1478 2540 1515 3
2932 1472 2978 1511 15

864 1537 894 1562 θ
929 1534 1131 1577 Uillicus:
1167 1537 1415 1589 procurator
1443 1533 1574 1576 urbis.

859 1611 888 1638 ⁴*
921 1608 1056 1651 texit:
1088 1612 1279 1652 cemento
1306 1607 1492 1650 obducit.

857 1684 886 1712 ⁹
913 1682 1149 1738 pendente:
1183 1683 1437 1726 imminente.

863 1756 1093 1800 Uiuendum
1125 1774 1136 1801 :
1167 1759 1255 1801 Iam
1284 1761 1428 1812 aperte
1454 1758 1680 1812 persuadet
1709 1758 2027 1812 prosectionem.

854 1831 1047 1886 friuola:
1067 1831 1111 1874 id
1141 1835 1206 1875 est
1235 1830 1562 1886 suppellectilem
1584 1829 1732 1873 domus
1759 1844 1861 1874 suae
1883 1832 1979 1886 quia
2007 1844 2162 1886 pauper
2189 1834 2290 1873 erat.
2322 1843 2417 1872 nam
2447 1830 2642 1873 friuolum
2663 1832 2815 1874 dicitur
2841 1837 2981 1879 resne

718 1905 816 1948 nilis
850 1905 971 1960 quasi
1000 1905 1095 1948 fere
1136 1904 1305 1947 obolum
1334 1904 1362 1946 i.
1404 1908 1559 1946 tantum
1589 1904 1749 1947 ualens.
1782 1905 1864 1947 hoc
1904 1911 2038 1948 autem
2067 1917 2218 1947 nomen
2256 1906 2367 1961 quod
2399 1910 2462 1948 est
2491 1906 2707 1962 Ucalegon
2737 1907 2790 1949 de
2815 1907 2913 1950 Uir-

719 1979 826 2036 gilio
859 1980 1034 2023 mutauit
1062 1979 1231 2023 dicente
1263 1980 1348 2022 Iam
1378 1979 1591 2034 proximus
1622 1978 1742 2022 ardet
1771 1979 1987 2035 Ucalegon
2014 1980 2041 2021 i.
2070 1980 2231 2021 uicinus
2241 1994 2254 2031 ;

863 2052 1071 2107 Ucalegon
1102 2068 1114 2095 ε
1145 2065 1222 2108 pro
1257 2053 1444 2108 quolibet
1471 2053 1629 2097 uicino.

859 2126 1014 2170 tertia:
1042 2127 1353 2170 Tricameratae
1384 2127 1532 2170 domus
1576 2128 1729 2170 fiebant
1763 2140 1921 2170 romae.
1962 2127 2042 2169 iam
2073 2127 2203 2182 inquit
2246 2128 2512 2183 supercilium
2553 2129 2704 2170 domus
2732 2127 2908 2172 alicuius

722 2200 844 2245 ardet
877 2213 970 2244 cum
999 2200 1137 2244 adhuc
1166 2212 1344 2244 securus
1375 2201 1529 2244 dormit
1563 2201 1755 2244 dominus
1793 2202 1940 2245 domus
1970 2202 2150 2244 nescius.
2924 2210 2976 2253 25

859 2279 889 2305 ἃ
919 2276 1068 2318 tertia:
1090 2276 1323 2331 superiora.

855 2348 1058 2405 yradibus
1096 2349 1125 2391 i.
1171 2349 1207 2391 si
1241 2349 1399 2404 ceperit
1437 2349 1676 2392 incendium
1707 2350 1760 2391 ab
1804 2350 1898 2392 imis
1937 2352 2160 2404 parietibus
2193 2351 2340 2392 domus
2383 2350 2506 2392 etiam
2549 2349 2715 2392 ultimus
2744 2349 2909 2392 ardebit

723 2423 877 2480 paries.
939 2423 1133 2467 Ultimum
1164 2427 1298 2466 autem
1338 2423 1540 2477 parietem
1579 2428 1706 2465 uocat
1744 2437 1944 2465 summam
1973 2429 2129 2478 partem
2164 2425 2273 2465 illius
2302 2425 2473 2478 parietis
2504 2425 2573 2478 qui
2602 2425 2678 2466 sub
2706 2424 2906 2479 tegulicio

723 2499 903 2554 tegitur3

859 2571 886 2598 θ
915 2570 1111 2613 ultimus:
1145 2570 1287 2625 paries
1314 2570 1382 2612 uel
1412 2571 1569 2625 gradus
1603 2571 1672 2625 qui
1704 2571 1747 2612 in
1778 2582 1938 2612 summo
1971 2570 2169 2612 cenaculo
2202 2574 2280 2612 est.
2923 2571 2973 2623 ³⁶

860 2646 1001 2688 molles
1032 2644 1246 2687 columbae
1270 2645 1297 2686 i.
1320 2645 1523 2699 petulcae.
1571 2646 1690 2688 Unde
1723 2650 1765 2687 et
1791 2644 1938 2686 ueneri
1967 2649 2155 2686 sacratae
2174 2648 2268 2686 sunt
2286 2648 2455 2699 propter
2477 2647 2559 2686 tam
2588 2643 2761 2687 crebros
2783 2644 2904 2686 setus.

861 2720 890 2747 ⁴*
918 2718 1060 2761 molles
1085 2734 1095 2761 ε
1125 2718 1319 2762 infirmae
1348 2718 1608 2772 imbecilles;

864 2793 999 2835 Codro
1027 2809 1037 2834 :
1068 2793 1229 2835 Codrus
1264 2797 1395 2848 *poeta
1441 2806 1574 2836 nanus
1611 2798 1653 2835 et
1692 2806 1800 2835 uxor
1845 2794 1934 2835 eius
1976 2792 2144 2849 procula
2177 2805 2285 2835 nana
2323 2793 2511 2836 similiter
2542 2791 2616 2835 sed
2648 2793 2737 2848 ipse
2769 2792 2906 2834 minor

870 3008 906 3041 3.
935 3017 984 3040 an
1010 3012 1200 3050 praeneste
1226 3003 1304 3042 ἀπὸ
1330 3008 1398 3041 τοῦ
1422 3010 1565 3053 πρίνου
1591 3008 1613 3040 i.
1644 3007 1688 3039 ab
1714 3005 1894 3040 ilicibus?
2030 3010 2084 3044 12.
2111 3006 2269 3039 tibicinis
2296 3010 2356 3039 aut
2381 3004 2639 3039 indeclinabile
2673 3008 2728 3039 est
2753 3005 2836 3051 quia
2863 3003 2903 3041 C.

724 3059 788 3096 21.
816 3053 963 3090 obolum
990 3055 1089 3100 quasi
1114 3060 1187 3089 tum
1214 3053 1340 3089 ualens
1366 3053 1405 3090 C.
1543 3059 1602 3095 27.
1631 3056 1711 3089 imis
1737 3054 1896 3100 partibus
1924 3053 1962 3090 C.
2088 3058 2147 3093 33.
2176 3052 2312 3089 Codrus
2337 3054 2405 3088 fuit
2429 3058 2536 3099 poeta
2561 3053 2600 3088 C.
