3293 4057
1726 356 2023 405 ...4-

922 485 1198 538 proponimus
1229 486 1360 541 inquit
1403 487 1530 529 aliubi
1561 500 1683 542 quum
1714 488 1812 529 licet
1849 485 2137 541 philosophiae
2164 486 2338 529 velimus
2380 487 2580 530 insudare
2620 491 2663 530 et
2688 485 2877 530 hom
2906 496 2983 528 ιι·-

790 557 900 600 tibus
932 558 1036 600 nihil
1064 563 1204 602 tamen
1242 560 1495 615 proficimus.
1563 560 1732 603 Tantum
1774 560 1833 601 illi
1873 560 1942 614 qui
1984 558 2178 601 scelerati
2227 563 2324 601 sunt
2363 559 2434 602 liic
2477 560 2700 616 proficiunt
2743 563 2786 604 et
2825 567 2982 605 oe·-

790 637 965 676 nostrae
995 633 1254 679 substantiae
1285 635 1440 678 sensim
1472 635 1681 678 decrescit
1712 633 1868 677 cotidie
1879 647 1891 685 ;

929 706 1103 747 dedalus
1127 707 1367 749 :Daedalus
1400 706 1452 748 de
1476 710 1589 748 creta
1623 705 1781 747 uolauit
1809 716 1951 746 cumas
1982 703 2122 758 ibique
2154 703 2198 744 in
2227 703 2379 758 templo
2409 704 2604 758 apollinis
2633 717 2781 750 omnes
2808 705 2980 750 labores

791 792 893 821 suos
926 781 1113 834 depinxit
1144 793 1317 834 cumque
1347 792 1487 821 casum
1517 780 1588 820 filii
1620 780 1724 820 icari
1756 778 1882 820 vellet
1910 777 2142 833 deping-ere
2173 776 2321 818 dolore
2348 777 2483 819 victus
2513 790 2599 820 non
2628 779 2785 833 potuit3
2992 792 3021 829 ³

931 857 958 880 ἃ
991 855 1084 894 dum
1112 855 1284 906 primii:
1317 854 1412 895 dum
1443 853 1579 894 adhuc
1609 853 1739 894 sortes
1773 863 1930 894 sumus.

929 927 1037 968 Dum
1067 939 1163 979 sup.
1191 926 1348 967 tachesi
1378 927 1406 968 i.
1452 926 1547 968 dum
1594 925 1752 980 aliquid
1788 925 1902 967 vitae
1933 937 2053 968 meae
2084 927 2276 977 superest
2298 926 2473 977 tempus.
2503 923 2607 966 Nam
2640 924 2720 967 tria
2748 928 2845 967 sunt
2877 923 2977 966 sata.

794 1002 918 1043 cloto.
957 1000 1153 1042 lachesis.
1195 1004 1378 1053 atropos.
1415 1012 1498 1041 una
1530 999 1683 1041 dicitur
1713 1002 1860 1051 tenere
1890 997 2032 1041 fllium.
2071 997 2202 1041 altera
2231 996 2411 1040 trahere.
2446 997 2569 1040 tertia
2597 1009 2819 1052 rumpere;

927 1071 1112 1114 bacillo:
1143 1072 1321 1114 Baculus
1352 1072 1453 1115 facit
1483 1071 1769 1114 diminutiuum
1809 1070 2000 1114 bacillus.
2038 1070 2136 1113 hinc
2176 1070 2436 1125 componitur
2474 1069 2695 1113 imbecillis
2733 1072 2853 1125 quasi
2885 1071 2979 1115 sine

791 1146 940 1189 baculo
976 1147 1045 1201 qui
1079 1145 1230 1188 nullius
1259 1147 1322 1189 rei
1352 1146 1563 1189 iuuamine
1596 1157 1716 1189 more
1742 1144 1882 1187 baculi
1911 1145 2163 1196 sustinetur3
2998 1154 3054 1191 ω

932 1222 1136 1262 artturius
1175 1225 1216 1261 et
1244 1220 1406 1262 catulus
1434 1234 1444 1262 ε
1477 1219 1809 1276 Οαίυωηῌοτεε
1840 1224 1882 1263 et
1912 1221 2085 1275 parasiti
2120 1225 2238 1262 erant
2270 1220 2449 1274 ideoque
2479 1219 2627 1261 fraude
2656 1219 2751 1260 illos
2792 1223 2977 1260 accusat.

788 1294 999 1349 ignobiles
1029 1293 1239 1348 significat
1268 1293 1503 1336 exordidiis
1538 1293 1691 1337 diuites
1721 1293 1883 1346 fact083

924 1369 1121 1410 maneant
1142 1380 1151 1409 :
1170 1365 1232 1410 llli
1261 1365 1397 1422 inquit
1424 1366 1469 1410 in
1513 1365 1620 1412 urbe
1648 1376 1768 1411 roma
1800 1377 1971 1411 manere
2001 1369 2174 1422 possunt
2203 1366 2272 1422 qui
2304 1377 2395 1408 cum
2424 1367 2508 1408 sint
2536 1369 2676 1422 turpes
2706 1367 2840 1422 turpia
2869 1376 2981 1421 quo-

789 1452 870 1497 que
901 1442 994 1484 sine
1026 1440 1269 1485 difficultate
1287 1445 1430 1498 agunt.
1490 1441 1668 1486 alienam
1702 1441 1870 1485 domum
1899 1441 2033 1497 pretio
2062 1441 2202 1484 locant
2220 1440 2273 1484 ad
2295 1439 2542 1483 manendum
2577 1443 2771 1495 aquatum
2799 1444 2980 1495 pergunt

786 1528 864 1569 pro
895 1516 1045 1570 pretio.
1078 1520 1223 1570 portus
1255 1516 1495 1559 custodiunt
1523 1515 1720 1558 sordidas
1754 1515 1914 1558 domos.
1941 1520 2148 1571 purgant3
2997 1525 3055 1561 15.

923 1589 950 1616 ὕ
979 1589 1051 1642 qui
1079 1589 1243 1643 nigrum
1273 1605 1282 1631 :
1313 1590 1382 1644 qui
1411 1588 1562 1632 malum
1596 1589 1739 1632 dicunt
1767 1589 1936 1632 bonum.

925 1666 952 1691 ’ἃ
985 1663 1077 1716 quis
1104 1664 1233 1717 facile
1264 1680 1274 1705 :
1309 1664 1457 1717 quibus
1485 1664 1581 1707 leue
1612 1668 1653 1706 et
1681 1663 1765 1706 uile
1796 1663 1975 1706 uidetur.

928 1736 1101 1790 fiumina
1129 1753 1140 1779 ε
1184 1738 1296 1780 Dicit
1326 1750 1401 1780 eos
1436 1737 1678 1781 conducere
1709 1737 1876 1780 flumina
1904 1736 1932 1779 i.
1964 1737 2044 1791 ipsi
2076 1737 2364 1781 conducuntur
2394 1736 2528 1791 pretio
2559 1748 2636 1791 pro
2664 1735 2783 1791 aquis
2813 1735 2866 1779 de
2897 1734 2980 1778 ssu-

790 1812 903 1854 mine
934 1811 1149 1854 auriendis
1175 1844 1184 1852 .
1209 1811 1400 1854 similiter
1427 1823 1514 1854 non
1540 1811 1621 1867 ipsi
1647 1815 1789 1866 portus
1820 1811 2059 1854 conducunt
2089 1812 2165 1854 sed
2200 1811 2280 1866 ipsi
2310 1810 2598 1853 conducuntur
2625 1822 2700 1866 pro
2734 1809 2980 1853 custodien-

796 1883 862 1925 dis
893 1883 1119 1936 portubus;
2995 1895 3047 1933 20

935 1959 963 1984 ὓ
995 1958 1173 1999 eluuiem
1194 1974 1204 1999 :
1226 1958 1377 2001 sordes
1406 1959 1566 2002 domus.

935 2031 994 2072 ud
1020 2030 1144 2072 busta
1172 2048 1182 2073 ε
1214 2031 1494 2086 Vespilliones
1521 2037 1695 2087 possunt
1725 2032 1829 2075 fieri.
1862 2034 1964 2076 Nam
1998 2033 2241 2088 vispillones
2267 2039 2363 2077 sunt
2392 2034 2462 2089 qui
2491 2038 2536 2076 ut
2566 2032 2773 2087 accipiant
2804 2031 2982 2086 pretium

799 2110 1059 2147 mortuorum
1092 2105 1304 2148 cadavera
1331 2106 1568 2161 sepeliunt;

940 2179 1106 2221 domina
1138 2195 1149 2221 z
1179 2180 1263 2222 Ista
1294 2180 1434 2223 omnia
1461 2194 1621 2236 genera
1650 2182 1915 2237 uectigalium
1944 2182 2108 2224 suerunt
2136 2183 2247 2225 unde
2275 2183 2450 2237 pretium
2482 2182 2743 2237 accipiebant
2771 2179 2981 2235 ignobiles

796 2257 838 2294 et
870 2252 1074 2294 aduenae.
1106 2252 1218 2306 quod
1246 2252 1478 2295 umbricius
1507 2253 1718 2308 significat
1748 2267 1796 2296 se
1823 2267 1908 2296 non
1937 2267 2062 2310 posse
2094 2256 2250 2299 facere.
2275 2256 2485 2298 dominam
2516 2260 2652 2298 autem
2688 2255 2848 2296 hastam
2880 2253 2981 2296 dicit
2994 2263 3043 2299 25

796 2339 903 2382 quae
934 2326 1127 2369 dominos
1154 2326 1268 2369 facit,
1325 2328 1440 2369 serui
1469 2328 1578 2370 enim
1609 2328 1679 2383 qui
1709 2329 1953 2371 emebantur
1982 2330 2058 2371 sub
2091 2329 2209 2371 hasta
2239 2330 2500 2386 cogebantur
2529 2329 2708 2372 transire
2717 2343 2729 2380 ;

930 2400 1010 2443 sub
1041 2400 1165 2444 hasta
1183 2417 1193 2444 :
1214 2401 1259 2446 ld
1289 2406 1353 2445 est
1382 2407 1557 2458 possunt
1586 2416 1634 2446 se
1664 2404 1779 2457 ipsos
1808 2403 1994 2446 uendere
2025 2407 2066 2446 et
2094 2404 2207 2446 serui
2248 2404 2352 2446 ficri.
2396 2404 2504 2460 apud
2546 2405 2737 2459 antiquos
2768 2404 2877 2446 enim
2910 2403 2980 2458 qui

793 2488 944 2522 servos
977 2476 1173 2520 emebant
1202 2476 1412 2519 faciebant
1441 2489 1516 2520 eos
1546 2478 1623 2520 sub
1653 2478 1772 2520 hasta
1799 2490 1873 2520 sua
1893 2479 2072 2520 transire
2090 2483 2134 2520 ut
2160 2491 2236 2533 per
2263 2479 2346 2521 hoc
2375 2492 2423 2522 se
2451 2483 2672 2534 perpetuos
2692 2489 2984 2533 recognosce-

790 2555 887 2594 rent
914 2562 1080 2593 seruos.
1141 2551 1255 2593 Idem
1288 2555 1352 2593 est
1379 2556 1514 2594 autem
1561 2552 1638 2594 sub
1672 2564 1831 2594 corona
1863 2553 2048 2594 uendere
2078 2553 2189 2607 quod
2219 2553 2296 2594 sub
2339 2553 2457 2594 hasta
2486 2553 2679 2595 transire.
2713 2553 2791 2594 sub
2823 2563 2982 2593 corona

790 2637 896 2668 uero
923 2625 1052 2667 uendi
1081 2625 1331 2667 dicebantur
1378 2627 1472 2679 quia
1503 2627 1791 2680 imponebatur
1821 2639 1964 2668 eorum
1997 2627 2199 2680 capitibus
2228 2627 2487 2668 ramusculus
2530 2627 2694 2668 arboris
2720 2628 2828 2668 sicut
2854 2626 3044 2673 hodieao

790 2700 836 2740 fit
865 2699 909 2740 in
943 2699 1062 2753 equis
1092 2698 1315 2742 uenalibus
1342 2704 1414 2741 aut
1443 2701 1565 2742 etiam
1596 2702 1691 2754 quia
1719 2700 1975 2742 radebantur
2017 2701 2079 2742 eis
2112 2700 2245 2754 capita
2274 2699 2384 2753 quod
2409 2702 2521 2742 esset
2548 2699 2757 2754 insignum
2786 2698 2984 2741 uenatio·-

800 2773 881 2815 nis.
911 2772 1019 2816 Hinc
1053 2773 1097 2815 in
1128 2773 1293 2816 cantico
1323 2773 1524 2816 canimus.
1558 2773 1619 2817 De
1650 2774 1889 2828 captiuitate
1920 2773 2062 2816 nudati
2096 2774 2240 2829 capitis
2273 2774 2535 2816 inimicorum
2564 2774 2593 2816 i.
2625 2773 2731 2825 rasi;

931 2979 963 3012 1.
990 2978 1123 3013 alicubi
1150 2978 1191 3012 B.
1307 2982 1340 3017 7.
1369 2980 1468 3013 uitae
1496 2984 1639 3013 nostrae
1664 2980 1704 3013 B.
1806 2982 1841 3017 8.
1872 2989 1941 3012 uua
1971 2989 2092 3012 carum
2125 2982 2186 3012 net
2210 2978 2320 3012 filum.
2349 2978 2461 3012 altera
2487 2977 2608 3010 trahit.
2635 2977 2740 3011 tertia
2766 2977 2908 3020 rumpit.
2937 2975 2978 3008 C.

790 3027 825 3062 9.
857 3025 943 3060 ideo
972 3025 1108 3061 fraudis
1134 3027 1217 3062 illos
1243 3026 1285 3062 B.
1397 3032 1453 3067 12.
1482 3027 1549 3073 leq.
1581 3038 1627 3063 ex
1653 3027 1818 3063 sordidis.
1921 3030 1980 3066 23.
2007 3027 2057 3062 ad
2079 3027 2198 3062 busta:
2226 3027 2294 3070 Qui
2321 3026 2486 3062 locantur
2510 3036 2550 3061 se
2575 3029 2615 3060 ut
2636 3029 2797 3060 mortuos
2823 3027 2978 3070 portent.

788 3071 851 3107 ue!
878 3078 917 3106 ut
943 3073 1158 3119 uispillones
1195 3074 1434 3109 aefficiantur.
1470 3076 1685 3121 uispillones
1724 3081 1805 3108 sunt
1841 3077 1901 3121 qui
1939 3084 2089 3119 corpora
2114 3079 2332 3107 mortuorum
2370 3074 2415 3107 ad
2447 3074 2668 3118 sepulturam
2694 3073 2862 3107 deferunt
2885 3073 2980 3106 sicut

789 3121 1028 3165 pollinctores
1058 3125 1116 3167 qui
1143 3123 1292 3157 abluunt
1320 3124 1380 3159 uel
1408 3130 1627 3170 perungunt.
1655 3124 1696 3158 C.
1837 3128 1896 3162 31.
1926 3123 2155 3158 uefidationis
2177 3123 2218 3158 B.
2357 3126 2417 3161 32.
2444 3122 2593 3157 canticis
2622 3120 2663 3157 B.
