3293 4057
1312 321 1645 364 -21—

528 454 667 485 nox.
694 442 907 485 Patroclus
934 443 1070 486 fuerat
1094 444 1252 487 amicus
1293 446 1455 488 achillis
1480 459 1601 501 quem
1631 447 1778 489 hector
1808 448 2016 491 interfecit
2041 451 2152 492 unde
2180 451 2376 492 homerus
2406 448 2568 490 inducit

393 514 585 561 achillem
612 520 747 560 morte
777 517 901 561 amici
927 517 992 561 sui
1020 518 1252 573 perculsum
1282 531 1369 563 non
1396 521 1584 575 potuisse
1613 520 1809 564 dormire.
1838 521 1950 564 unde
1977 522 2046 565 hic
2073 523 2224 565 dicitur
2251 524 2360 566 sicut
2391 521 2567 565 achilles

393 589 527 638 w
551 589 680 634 nudo
718 590 830 634 iacet
857 591 901 633 in
931 590 1038 634 latus
1067 593 1194 637 modo
1229 605 1385 648 pronus
1427 594 1471 637 in
1504 595 1656 637 faciem
1686 595 1813 637 modo
1847 595 2019 649 supinus
2060 600 2101 637 et
2129 608 2214 638 non
2241 597 2352 639 ualet
2380 596 2567 640 dormire

394 676 496 719 prae
528 676 694 707 merore
721 664 777 707 ita
807 677 887 708 nec
914 664 985 708 ille
1013 666 1083 720 qui
1113 666 1254 709 ebrius
1294 668 1521 721 percutitur
1546 682 1571 711 a
1601 669 1785 711 romanis
1817 673 1858 710 et
1884 669 2048 711 leditur.

355 748 380 790 5
531 739 560 766 ⁴*
590 737 734 780 deivido
758 739 934 793 supina
964 754 975 781 z
1005 743 1047 782 et
1070 744 1208 783 tamen
1237 740 1422 784 dormire
1449 740 1605 795 nequit.

530 814 559 840 ⁴*
588 825 671 855 non
700 813 824 857 aliter
855 830 865 857 :
897 813 1017 869 quain
1046 814 1234 858 achilles.

530 888 559 913 ⁴*
581 887 737 941 poterit
766 903 777 929 ε
805 888 875 943 qui
903 889 1129 943 percutitur
1158 888 1212 930 ob
1245 888 1433 931 dolorem
1460 889 1614 932 inlatae
1644 889 1760 931 cedis
1806 888 2068 943 pauperibus.

530 959 560 985 ⁴*
593 957 694 1000 rixa
720 973 731 1000 z
762 959 1024 1001 contumelia.

527 1030 633 1087 savit
660 1045 671 1073 :
699 1031 912 1089 Significat
942 1043 1086 1076 romae
1112 1044 1317 1089 pauperes
1348 1034 1617 1077 contumelias
1647 1038 1689 1077 et
1716 1035 1830 1077 rixas
1868 1034 1954 1090 pati
1980 1038 2103 1089 atque
2131 1034 2335 1075 interdum
2367 1043 2441 1074 eos
2472 1031 2576 1073 fati-

333 1111 382 1157 30
395 1108 518 1161 gatos
547 1104 742 1148 dormire.

402 1189 404 1192 ’
531 1179 721 1234 quamuis
751 1194 762 1221 ε
793 1180 884 1222 Duo
915 1185 1011 1223 sunt
1039 1191 1145 1235 quae
1175 1180 1446 1224 rebellionem
1475 1182 1632 1224 faciunt
1660 1181 1852 1223 iuuentus
1892 1185 1935 1223 et
1962 1180 2158 1222 ebrietas.
2191 1192 2286 1221 nam
2317 1180 2569 1222 adulescen-

395 1257 460 1296 tes
487 1252 727 1308 plerumque
754 1253 893 1309 iugum
923 1254 1134 1297 seruitutis
1178 1258 1445 1297 contemnunt
1485 1256 1592 1298 sicut
1635 1259 1677 1297 et
1704 1254 1824 1297 ebrii.
1865 1253 2072 1297 quenalis
2102 1258 2201 1295 tunc
2229 1266 2387 1308 pauper
2415 1265 2575 1296 cornua

395 1327 532 1369 sumit.
564 1326 666 1369 dicit
692 1339 795 1383 ergo
826 1327 924 1371 licet
964 1328 1112 1383 aliquis
1140 1340 1298 1383 pauper
1329 1332 1547 1383 utrumque
1581 1329 1635 1372 sit
1665 1332 1706 1371 et
1735 1327 1874 1374 ebrius
1901 1332 1943 1370 et
1979 1327 2143 1370 iuuenis
2171 1339 2257 1369 non
2286 1331 2425 1369 tamen
2456 1325 2569 1368 illum

397 1401 523 1444 audet
552 1406 725 1457 tangere
761 1414 880 1457 quem
908 1403 1024 1445 uidet
1051 1406 1261 1458 potentem
1290 1407 1331 1445 et
1361 1403 1531 1446 diuitem
1560 1408 1603 1447 et
1630 1403 1877 1447 famulorum
1907 1403 2119 1458 obsequiis
2150 1402 2363 1445 honorari.

333 1485 379 1526 15
531 1478 560 1503 ⁴*
590 1474 789 1530 inprobus
819 1492 829 1518 :
863 1476 997 1519 adhuc
1027 1477 1189 1520 iuuenis
1220 1477 1289 1532 qui
1317 1477 1481 1520 leditur.

528 1551 557 1577 ⁴*
586 1550 756 1591 coccina
785 1563 861 1605 pro
895 1551 1108 1593 coccinea.

527 1625 557 1652 ⁴*
586 1623 680 1665 lena
707 1639 717 1666 :
750 1625 880 1667 uestis
905 1624 1055 1667 uillosa
1083 1629 1258 1681 utraque
1287 1629 1403 1680 parte
1434 1630 1474 1669 et
1504 1631 1567 1669 est
1594 1627 1762 1681 proprie
1794 1638 2009 1682 augurum.

535 1696 705 1739 Uitori:
739 1698 900 1739 Coccus
947 1702 1010 1740 est
1045 1699 1175 1740 uestis
1218 1699 1348 1740 rubea
1385 1699 1568 1753 satisque
1601 1699 1796 1753 preciosa
1836 1710 1957 1752 quam
2008 1697 2100 1739 diro
2131 1702 2235 1738 tonsi
2277 1697 2419 1739 dicunt
2457 1696 2570 1738 unde

396 1772 570 1815 cochna
601 1784 654 1815 ex
681 1783 812 1814 cocco
845 1772 954 1813 facta
983 1783 1059 1827 pro
1091 1772 1304 1814 coccinea.
1336 1773 1450 1815 iubet
1477 1773 1610 1827 inquit
1636 1771 1829 1826 preciosa
1859 1770 1989 1813 uestis
2016 1774 2061 1811 ut
2098 1770 2251 1811 uitetur
2278 1774 2318 1812 et
2344 1782 2398 1812 ne
2429 1771 2469 1811 ei
2495 1783 2572 1812 re-

327 1853 381 1904 29
395 1846 517 1889 sistat
544 1845 768 1901 probibent
792 1845 915 1888 etiam
944 1845 1116 1888 comites
1152 1846 1223 1901 qui
1256 1846 1543 1888 honorabilem
1569 1845 1771 1898 reddunt;

528 1919 702 1961 Multum
731 1935 741 1962 :
771 1920 967 1974 Figurate
994 1920 1098 1962 dixit
1125 1920 1293 1962 multum
1323 1921 1576 1963 flammarum
1604 1924 1645 1962 et
1676 1931 1807 1962 aenea
1837 1919 1995 1973 lampas
2022 1931 2099 1972 pro
2129 1931 2180 1960 eo
2213 1918 2324 1972 quod
2353 1923 2416 1960 est
2444 1919 2566 1960 diues

396 1994 650 2047 contempnit
682 2006 748 2035 me
780 1993 891 2046 quod
932 1993 1148 2047 praecedit
1177 1994 1392 2036 multitudo
1426 1995 1651 2037 facularum
1692 1998 1735 2036 et
1763 2006 1895 2036 aenea
1924 1991 2094 2046 lampas.
2128 2005 2222 2035 nam
2251 1990 2427 2035 faculam
2460 1991 2573 2035 lam-

394 2079 472 2122 pas
500 2067 712 2110 insensata
743 2079 813 2110 res
846 2071 909 2110 est
936 2080 1017 2111 nec
1046 2073 1313 2112 contemnere
1338 2073 1487 2123 potest.

533 2142 563 2168 ⁴¹*
588 2127 849 2194 flammarum
878 2156 889 2181 ε
920 2141 1039 2183 diues
1062 2154 1182 2196 quem
1214 2142 1376 2184 faculae
1403 2146 1617 2196 praeeunt.

333 2227 382 2265 25
533 2215 563 2240 ⁴*
593 2214 694 2254 luna
722 2229 732 2254 ε
765 2214 964 2270 splendor
990 2215 1128 2257 lunae.

533 2291 563 2316 ⁴*
592 2288 785 2343 dispenso
818 2304 828 2330 :
858 2289 1050 2344 dispono.

534 2365 564 2390 ⁴*
591 2367 771 2417 tempero
803 2378 813 2405 :
847 2376 1039 2421 emungo.

531 2437 725 2491 praemia
745 2438 1005 2496 :Praemium
1036 2444 1107 2480 tov
1126 2450 1271 2481 meson
1299 2443 1374 2480 est.
1410 2451 1504 2480 nam
1535 2444 1575 2480 et
1604 2439 1646 2479 in
1673 2440 1783 2480 bono
1813 2443 1854 2480 et
1882 2439 1925 2478 in
1956 2437 2065 2479 malo
2092 2438 2304 2490 accipitur.
2333 2436 2401 2477 bic
2430 2440 2570 2477 autem

399 2510 607 2568 significat
632 2510 957 2555 uicissitudines.

336 2596 386 2633 3ο
534 2585 649 2628 Rima
673 2586 842 2641 proprie
868 2586 1019 2629 dicitur
1059 2586 1130 2628 ubi
1171 2591 1342 2642 uterque
1378 2585 1524 2641 litigat.
1566 2598 1659 2628 nam
1690 2585 1853 2641 quando
1891 2598 1997 2629 unus
2029 2586 2139 2628 cedit
2170 2585 2274 2627 alter
2304 2585 2458 2639 patitur
2482 2596 2571 2626 non

400 2664 517 2703 recte
539 2660 632 2702 rixa
661 2659 825 2702 dicitur.

537 2734 565 2759 ⁴*
597 2731 692 2775 Stat
718 2746 728 2775 :
759 2731 890 2775 diues.

543 2974 599 3009 17.
628 2969 735 3004 lena:
762 2969 903 3015 Duplex
930 2974 966 3003 to
1039 2968 1140 3003 rubei
1170 2968 1313 3004 coloris.
1341 2981 1362 3004 a
1387 2970 1516 3016 grecis.
1543 2969 1625 3003 lena
1664 2974 1717 3003 est
1742 2968 1848 3003 dicta.
1875 2974 1914 3002 ut
1948 2968 2063 3015 virgls
2112 2970 2270 3014 tii-ioque
2314 2968 2461 3004 ardebat
2486 2978 2572 3003 mu-

404 3018 481 3051 rice
507 3017 594 3052 lena
619 3019 714 3064 quod
738 3029 833 3053 nunc
858 3018 976 3062 amphi
1003 3018 1103 3052 olum
1124 3028 1293 3053 uocamus
1311 3018 1396 3053 olim
1423 3019 1567 3053 birrum.
1595 3017 1635 3052 C.
1744 3022 1803 3056 22.
1825 3028 1905 3052 nam
1932 3017 2053 3053 facula
2078 3023 2114 3052 et
2140 3017 2275 3063 lampas
2302 3016 2342 3053 C.
2442 3020 2502 3057 28.
2527 3022 2570 3050 to

405 3075 529 3100 meson
558 3064 599 3101 C.
624 3066 692 3113 leq.
719 3068 796 3104 τῶν
819 3070 950 3116 μέσων
975 3071 1041 3101 est.
