3293 4057
1287 315 1621 361 -13-

503 441 733 487 omma-a
762 458 773 485 :
798 443 956 498 gradus
986 455 1139 493 scenae
1172 444 1199 487 i.
1232 444 1341 487 sicut
1368 443 1538 487 rusticis
1566 443 1635 497 qui
1664 448 1852 498 spectant
1876 449 1917 486 et
1946 447 2153 501 simplices
2192 449 2247 490 ita
2279 453 2321 491 et
2348 447 2436 489 ludi
2467 460 2548 490 ru-

365 515 473 559 stice
503 519 546 558 et
572 514 816 572 simpliciter
844 515 1033 559 eduntur.
1062 529 1138 571 per
1164 516 1422 560 orchestram
1453 517 1654 559 maiorem
1685 516 1925 572 dignitatem
1954 520 2024 572 qui
2053 521 2095 561 in
2127 522 2352 564 orchestris
2381 522 2409 563 i.
2439 533 2547 577 gra·

368 590 490 633 ditm
520 589 751 632 nobiliores
777 592 1043 645 spectabant3
1136 591 1404 635 Orchestram
1429 603 1506 645 pro
1526 588 1735 634 nobilibus
1765 590 1913 645 posuit.
1945 591 2048 636 Nam
2077 593 2292 637 orchestra
2326 594 2547 640 dicebatur

365 662 486 704 locus
516 667 732 717 separatus
757 664 801 705 in
836 677 963 706 scena
992 665 1035 706 in
1076 677 1157 719 quo
1188 668 1308 706 erant
1336 667 1556 707 senatores
1587 668 1629 706 et
1655 664 1877 718 principes.
1912 669 2141 721 exaggerat
2173 669 2309 709 autem
2337 678 2543 711 romano-

330 747 457 783 firum
485 735 648 780 scelera
676 741 767 780 arte
796 738 1006 782 rethorica
1038 739 1228 782 referens
1259 737 1435 782 aliorum
1463 738 1662 791 uirtutes3

502 809 530 837 ⁵
558 809 813 853 orchestram
842 827 854 855 ε
881 816 1112 856 senatores.

503 882 532 909 ⁴*
562 881 732 925 edilibus
764 900 775 926 :
801 885 1085 940 potestatibus.

504 956 666 999 Albae:
689 957 820 1001 Albas
844 959 1005 1002 tunicas
1029 958 1130 1001 dicit
1151 958 1408 1002 subarmales
1438 958 1465 1000 i.
1494 957 1621 1001 latum
1650 957 1811 1001 clauum
1842 969 1928 1001 non
1958 957 2159 1000 habentes
2182 961 2223 1000 et
2250 961 2406 1000 tantum
2435 957 2544 999 istae

372 1031 538 1076 tunicae
569 1031 689 1075 albae
716 1032 823 1075 ultra
849 1033 1000 1076 uirium
1028 1033 1204 1076 nitorem
1235 1032 1426 1076 dicuntur
1453 1036 1494 1076 et
1524 1031 1766 1087 plerumque
1788 1035 1858 1075 aut
1887 1045 1941 1077 ex
1967 1031 2093 1075 domo
2121 1030 2257 1075 aliena
2284 1034 2443 1074 sumtae
2468 1035 2543 1072 aut

308 1106 504 1159 wpretio
540 1106 677 1148 alieno
707 1111 867 1160 emptae
877 1121 890 1158 ;

504 1178 531 1207 ⁸
557 1178 670 1221 ultra
698 1178 815 1221 uires
838 1195 849 1221 ε
878 1178 986 1222 ultra
1016 1179 1165 1223 virium
1193 1179 1371 1223 nitorem
1399 1180 1660 1223 uestimenta.

507 1265 717 1296 commune
748 1268 759 1295 ε
791 1253 925 1298 Etiam
956 1265 1159 1308 pauperes
1185 1265 1329 1297 romae
1353 1253 1563 1297 ambitiosi
1589 1257 1697 1296 sunt.

502 1328 529 1354 ὓ
558 1339 765 1369 commune
797 1342 809 1369 ε
836 1339 1059 1381 pauperum
1087 1330 1130 1369 et
1160 1326 1345 1369 diuitum.

505 1398 680 1440 uitium:
708 1398 817 1440 Dicit
857 1398 1186 1454 praescribendo
1227 1400 1365 1442 omnia
1401 1411 1544 1444 romae
1586 1401 1677 1443 fieri
1717 1413 1809 1443 cum
1838 1412 1988 1456 magna
2033 1398 2272 1441 difficultate
2317 1403 2359 1441 et
2393 1399 2544 1452 pretio.

310 1479 355 1518 1⁶
369 1473 456 1515 Nec
484 1484 609 1527 posse
640 1472 699 1515 ibi
727 1472 876 1516 diuites
904 1472 1076 1516 salutari
1098 1486 1122 1515 a
1149 1473 1396 1527 pauperibus
1424 1474 1504 1516 nisi
1532 1486 1724 1529 magnum
1756 1472 1855 1528 quid
1883 1473 1945 1516 eis
1976 1472 2086 1528 prius
2116 1472 2258 1524 detur;

506 1547 535 1572 ⁴*
563 1545 780 1587 ambitiosa
816 1561 825 1587 :
854 1546 1058 1588 deliciosa
1087 1546 1256 1587 tumida.

506 1623 552 1659 ut
579 1619 752 1660 Cossum
771 1635 780 1660 :
800 1620 975 1661 Cossum
1003 1631 1077 1673 pro
1113 1619 1296 1672 quolibet
1338 1618 1466 1660 nobili
1492 1621 1639 1673 posuit.
1670 1632 1873 1674 pauperes
1911 1620 2021 1661 enim
2060 1617 2301 1659 munuscula
2341 1616 2542 1659 ministris

375 1691 530 1733 dabant
554 1696 598 1733 ut
627 1704 702 1734 eos
731 1693 1014 1746 permitterent
1043 1691 1207 1733 nobiles
1241 1695 1281 1733 et
1310 1696 1497 1745 potentes
1528 1693 1733 1745 salutare3

512 1764 706 1806 Ueiento:
730 1766 876 1807 consul
906 1766 981 1807 suit
1024 1765 1130 1807 adeo
1162 1765 1363 1819 superbus
1407 1770 1451 1807 ut
1489 1767 1738 1821 pauperibus
1778 1766 2037 1821 respondere
2069 1765 2381 1819 dedignaretur.
2428 1764 2545 1806 unde

305 1849 356 1891 20
375 1844 440 1885 est
469 1839 585 1882 cluso
618 1839 791 1891 labello;

506 1913 621 1958 metit
648 1912 822 1956 barbam
850 1915 877 1957 i.
910 1914 1058 1956 tondit.
1118 1915 1211 1957 Non
1245 1914 1345 1956 dicit
1385 1913 1494 1956 radit
1522 1914 1617 1968 quia
1654 1913 1763 1968 apud
1804 1912 1996 1966 antiquos
2026 1924 2111 1955 non
2150 1911 2374 1955 radebatur
2409 1910 2545 1955 barba

376 1986 454 2031 sed
482 1987 749 2040 tondebatur3

506 2063 535 2089 ⁴*
564 2061 675 2103 metit
703 2077 713 2104 :
743 2061 1041 2104 balbitondium
1068 2062 1181 2104 facit.

505 2137 534 2162 ⁴*
569 2134 698 2176 amati
725 2148 736 2175 ε
767 2134 884 2188 pueri
914 2135 984 2188 qui
1004 2135 1047 2175 in
1078 2135 1239 2177 deliciis
1268 2135 1356 2177 eius
1384 2135 1530 2176 suerat.

306 2217 354 2255 25
509 2206 626 2249 libris
656 2205 901 2247 uenatibus:
929 2206 1059 2247 libros
1083 2207 1255 2248 uenales
1285 2210 1407 2247 uocat
1435 2218 1559 2259 panes
1589 2206 1682 2247 illos
1713 2219 1816 2259 quos
1844 2207 1960 2260 pueri
1989 2206 2031 2247 in
2059 2206 2326 2247 barbitondio
2355 2203 2546 2258 patronis

373 2281 459 2323 suis
490 2280 601 2323 dant.
630 2280 699 2322 uel
729 2282 772 2321 in
801 2284 972 2322 tonsura
1003 2282 1189 2322 crinium.
1250 2283 1362 2331 Quos
1386 2282 1500 2335 panis
1528 2285 1650 2320 uocat
1676 2280 1821 2321 beatus
1852 2281 2096 2334 augustinus
2125 2279 2302 2321 cubitos.
2363 2277 2545 2321 Venales

374 2356 510 2398 autem
540 2352 733 2395 dicuntur
762 2353 856 2406 quia
888 2353 1066 2406 quodam
1097 2354 1223 2394 modo
1255 2366 1330 2407 pro
1359 2358 1528 2394 tonsura
1557 2354 1729 2394 crinium
1756 2354 1825 2393 uel
1852 2354 2008 2393 barbae
2041 2352 2192 2393 dantur
2208 2367 2220 2402 3

508 2427 536 2453 θ
562 2427 837 2480 fermentum:
868 2427 1080 2467 materiam
1119 2427 1377 2481 indignandi.

504 2502 728 2552 prestant:
749 2498 914 2540 Patroni
946 2499 1077 2553 inquit
1107 2500 1176 2554 qui
1215 2500 1388 2555 pupillos
1417 2499 1566 2542 debent
1594 2498 1820 2541 defendere
1862 2498 2021 2540 faciunt
2051 2510 2126 2540 eos
2159 2498 2425 2549 tributarios;

308 2579 356 2621 30
508 2573 535 2599 ⁶
561 2576 752 2626 prestant
773 2587 782 2614 :
805 2573 1002 2626 patronis.

508 2644 536 2672 ὕ
566 2645 731 2687 clientes
759 2660 769 2687 :
801 2645 985 2688 minores
1018 2646 1139 2688 amici
1170 2650 1211 2689 et
1240 2647 1465 2690 asseculae.

510 2720 539 2746 ⁴*
570 2718 688 2759 cultis
712 2734 722 2760 z
750 2717 977 2760 deliciosis.

510 2795 539 2820 ⁴*
566 2792 733 2847 pelida:
765 2793 859 2847 quia
893 2794 936 2835 in
968 2797 1107 2837 monte
1132 2796 1211 2836 sita
1242 2798 1317 2837 est.

465 3052 487 3086 d
510 3009 547 3087 ι1,.
574 3004 640 3050 leq.
664 3004 791 3086 ἒιιιῑίεἰ
816 3008 909 3037 sunt.
1070 3009 1105 3043 2.
1141 3003 1348 3051 dignitatern
1386 3003 1460 3038 uult
1486 3000 1640 3048 intelligi
1667 3010 1736 3046 quo
1769 3001 1805 3034 in
1832 3000 1914 3034 loco
1943 3006 2089 3035 senatus
2116 3006 2328 3046 exspectare
2353 3000 2460 3036 solet.
2500 3000 2545 3036 C.

379 3056 439 3092 27.
489 3063 509 3086 a
535 3058 638 3087 antur
696 3079 704 3088 .
