3293 4057
1664 332 2000 376 -22—

868 466 897 494 ⁴*
927 465 1118 520 awo-iqua
1150 480 1161 508 ε
1195 479 1219 509 a
1251 477 1332 509 me.

866 541 896 568 ⁴*
920 543 1123 594 ρδθυο.
1153 540 1235 584 etsi
1267 550 1355 583 non
1384 539 1598 583 uoluntate
1624 542 1764 581 tanen
1791 534 2056 579 necessitate.
2896 550 2899 552 -

863 613 1087 669 finium:
1111 613 1219 666 Quia
1246 614 1433 658 furiosus
1460 613 1560 657 ideo
1579 610 1881 655 inuasericors.
1903 607 1999 663 qua
2026 604 2178 648 rortiw
2202 609 2268 648 ast
2295 604 2395 649 idco
2423 611 2511 648 noa
2539 604 2659 648 ualet
2685 605 2919 659 numu

868 692 1033 730 acediam
1061 699 1138 743 pro
1170 687 1281 731 malo
1311 687 1412 730 uino
1439 686 1607 742 ponitur
1634 693 1716 740 quo
1744 689 1950 738 pauperes
1978 679 2117 722 solent
2140 677 2373 731 imbrium

867 761 895 789 ὖ
926 766 1044 804 aceto
1073 773 1149 817 pro
1179 760 1281 804 uillo
1312 760 1429 803 dixit.
2428 782 2432 788 -
2816 773 2819 774 ⁷
2933 766 2962 802 5

869 838 898 864 ⁴*
931 848 1103 878 concam
1132 849 1144 877 :
1176 835 1279 878 dicit
1306 845 1382 876 uas
1415 833 1486 875 ubi
1517 833 1711 888 legumen
1740 831 1972 885 ponebatur
2000 829 2053 871 ad
2082 838 2200 870 osam
2231 826 2457 882 pauperi&

869 912 899 937 ⁴*
929 914 1060 952 euntes
1093 925 1103 951 ι
1133 912 1297 951 saturus
1325 913 1387 950 es.

868 983 1011 1026 sectile
1034 994 1215 1037 porrum
1245 997 1256 1024 ι
1286 982 1494 1036 Expressa
1535 983 1599 1021 est
1644 976 1886 1034 magnitudo
1928 974 2045 1031 porri
2084 987 2177 1018 cum
2205 973 2309 1016 dixit
2333 972 2496 1017 sectile.
2537 977 2580 1016 et
2605 977 2671 1015 est
2696 973 2920 1029 legendum

732 1064 825 1100 (mm
855 1056 1126 1113 arroganti&
1808 1083 1812 1088 -

867 1130 897 1156 ⁴*
925 1128 1069 1171 sectile
1098 1143 1108 1170 :
1147 1127 1257 1183 quod
1285 1126 1423 1169 secari
1455 1128 1592 1181 potest
1618 1126 1646 1166 i.
1678 1124 1894 1167 sectiuum.
2940 1123 2987 1166 ιο

869 1194 973 1246 ciffi
1004 1216 1015 1243 :
1046 1202 1193 1245 Elixae
1220 1208 1369 1243 carnes
1418 1199 1614 1242 dicuntur
1644 1203 1753 1254 aqua
1783 1201 1944 1240 coctae.
1984 1198 2086 1240 inde
2116 1197 2268 1240 dicitnr
2292 1196 2376 1240 lixa
2408 1207 2555 1240 seruus
2581 1196 2723 1239 militis
2766 1196 2837 1250 qui
2866 1195 2920 1238 ad

734 1278 873 1322 castra
905 1280 1052 1332 aquam
1078 1274 1214 1319 defert
1244 1277 1286 1318 et
1315 1280 1368 1317 ex
1397 1273 1481 1318 hoc
1512 1273 1692 1317 mimas
1718 1269 1920 1316 lffiuuum
1953 1277 2102 1328 aquata
2132 1276 2293 1316 coctam
2307 1286 2320 1324 3

878 1348 1085 1393 Uerum.
1120 1347 1273 1392 dicitur
1302 1357 1328 1392 a
1355 1353 1501 1393 neme
1529 1350 1655 1406 {uem
1684 1346 1812 1392 habet
1838 1346 1884 1389 in
1914 1346 2075 1402 ‘capim

869 1427 898 1452 ⁴*
927 1423 1049 1465 labra
1078 1427 1155 1477 pro
1182 1424 1271 1465 toto
1302 1422 1452 1475 capite.

869 1501 898 1527 ⁴*
927 1497 1017 1540 Ede
1049 1496 1162 1539 ubi:
1196 1496 1265 1539 dic
1296 1496 1368 1538 ubi
1399 1495 1589 1539 mereris.
2938 1496 2986 1539 ιε

864 1570 1105 1625 proseucha
1134 1586 1144 1612 ε
1176 1569 1388 1613 Proseuke
1416 1569 1560 1612 dicunt
1589 1568 1708 1624 greci
1734 1578 1872 1620 orare.
1898 1566 1997 1609 hinc
2026 1565 2232 1621 proseuka
2262 1569 2437 1610 uocatur
2468 1566 2609 1610 casula
2638 1577 2862 1621 pauperum
2888 1567 2917 1610 i.

733 1646 921 1689 cabanna
948 1645 992 1687 in
1022 1658 1103 1699 qua
1136 1647 1352 1687 manentes
1384 1644 1533 1698 stipem
1564 1655 1589 1685 a
1616 1640 1928 1685 transeuntibus
1953 1643 2108 1696 petunt.
2137 1639 2345 1697 proseuka
2374 1640 2498 1685 etiam
2525 1640 2677 1684 dicitur
2702 1643 2863 1696 orati03

866 1721 895 1747 ⁴*
934 1716 1190 1760 Tantundem
1218 1734 1230 1760 t
1259 1730 1346 1760 uno
1376 1717 1504 1760 modo
1535 1720 1710 1759 taxatur.

865 1795 896 1818 ⁴*
924 1793 1078 1847 paucis
1105 1807 1115 1832 :
1150 1791 1337 1848 plurimis
1363 1792 1447 1833 iam
1480 1792 1637 1832 fractis.

868 1867 975 1907 haec
998 1871 1157 1906 tantum
1185 1881 1195 1906 :
1225 1867 1341 1907 Haec
1373 1871 1469 1906 sunt
1498 1866 1605 1906 mala
1637 1878 1744 1918 quae
1771 1867 1845 1906 tibi
1878 1880 1901 1906 a
1935 1866 2131 1906 diuitibus
2168 1865 2400 1906 inseruntur
2428 1864 2590 1918 palam3
2934 1863 2988 1913 20

872 1942 902 1965 ⁴*
933 1939 1092 1979 clamis
1125 1955 1136 1979 τ
1165 1939 1243 1981 sub
1272 1944 1455 1981 noctem.

869 2014 899 2039 ⁴*
929 2017 1151 2053 catenatae
1181 2031 1192 2053 ε
1226 2015 1385 2054 circum
1411 2013 1481 2054 uel
1507 2013 1718 2066 inligatae.

867 2090 896 2114 ⁴*
928 2086 1133 2127 taber-nae
1158 2103 1170 2127 ε
1198 2088 1381 2128 Tabulae
1412 2087 1677 2129 tabernarum
1707 2087 1805 2129 olim
1836 2086 1993 2130 catenis
2020 2086 2309 2142 iungebantur.
2341 2087 2439 2131 ideo
2470 2085 2576 2131 dixit
2605 2090 2822 2132 catenatae
2850 2088 2920 2132 ta·

734 2163 906 2205 hernae.
938 2167 1158 2218 postquam
1187 2162 1322 2217 inquit
1353 2163 1492 2204 omnia
1514 2162 1728 2204 meritoria
1760 2175 1986 2217 omnesque
2018 2161 2216 2206 tabernae
2244 2167 2370 2207 nocte
2392 2177 2415 2206 a
2437 2162 2587 2205 diurno
2616 2161 2790 2219 negotio
2821 2173 2920 2205 ces-

732 2242 827 2281 sant
859 2250 946 2281 non
980 2237 1115 2282 deerit
1142 2237 1210 2283 sur
1239 2238 1309 2294 qui
1340 2242 1381 2283 te
1413 2250 1636 2294 pauperem
1666 2237 1897 2293 despoliet;
2935 2242 2985 2280 2⁵

869 2311 898 2338 ⁴*
926 2314 967 2352 et
992 2310 1111 2365 ferro
1141 2326 1151 2352 :
1181 2310 1305 2354 etiam
1333 2309 1492 2366 gladio.

867 2386 1091 2438 qrassator
1113 2398 1123 2425 :
1146 2382 1339 2426 Grassari
1367 2386 1433 2426 est
1462 2382 1689 2426 crudeliter
1719 2394 1863 2439 agere.
1882 2382 1979 2426 hinc
1999 2388 2263 2440 grassatores
2291 2385 2466 2428 dicimus
2496 2385 2701 2429 crudeles.
2732 2385 2807 2428 sed
2836 2384 2919 2429 boc

736 2454 833 2498 loco
862 2458 1084 2511 grassator
1116 2468 1193 2510 pro
1228 2455 1440 2499 homicida
1469 2456 1662 2510 ponitur3

871 2532 900 2557 ⁴*
932 2529 1101 2572 custode
1134 2541 1211 2584 pro
1247 2529 1502 2573 custodibus.

867 2602 1124 2657 pomptina:
1154 2595 1368 2658 Pomptina
1410 2602 1560 2658 palude
1591 2606 1633 2646 et
1663 2603 1705 2646 in
1735 2603 1841 2646 silua
1875 2606 1981 2659 quae
2009 2603 2227 2659 gallinaria
2260 2604 2410 2647 dicitur
2440 2605 2624 2649 latrones
2656 2606 2768 2649 soliti
2800 2610 2983 2653 erantao

735 2674 915 2731 praedas
946 2689 1160 2721 exercere.
1192 2687 1311 2720 roma
1342 2676 1475 2732 inquit
1494 2676 1725 2721 latronibus
1753 2680 1817 2721 est
1845 2677 2052 2733 refugium
2074 2681 2114 2721 et
2140 2678 2278 2721 tutela
2311 2682 2351 2721 et
2372 2679 2534 2734 quoties
2566 2680 2609 2721 in
2636 2680 2754 2722 siluis
2787 2680 2918 2722 latere

736 2760 823 2793 non
854 2748 1145 2804 permittuntur
1174 2749 1311 2793 statim
1343 2761 1502 2794 romam
1532 2753 1676 2806 petunt
1706 2750 1847 2806 ibique
1878 2751 2154 2806 delitescunt;

872 2823 902 2850 ⁴*
929 2821 1158 2875 gallinaria
1188 2837 1198 2864 ε
1236 2821 1341 2865 silua
1374 2822 1513 2866 italiae
1541 2822 1773 2867 latronibus
1817 2824 2075 2868 habundans.

814 2924 818 2926 <
872 2896 901 2922 ⁴*
929 2894 1098 2937 uinaria
1129 2910 1139 2937 ε
1172 2895 1267 2938 loca
1298 2899 1392 2938 sunt
1423 2895 1493 2938 ubi
1524 2897 1663 2951 pisces
1694 2897 1852 2941 uiuunt.

875 3075 910 3111 6.
939 3083 1051 3106 conca
1073 3084 1080 3105 :
1108 3072 1236 3107 dicitur
1261 3084 1280 3107 a
1308 3075 1426 3120 grecia
1453 3073 1526 3109 olla
1551 3074 1634 3109 fabe
1663 3081 1777 3110 cocta.
1806 3074 1846 3110 C.
1988 3077 2044 3112 17.
2073 3088 2232 3123 capenna
2259 3077 2298 3114 C.
2460 3079 2520 3116 30.
2546 3079 2586 3115 ln
2612 3079 2797 3126 Fornptina
2822 3078 2864 3116 C.
