3293 4057
1713 361 2014 408 ..8-

900 490 928 518 ⁴⁸
956 489 1195 544 fultusque:
1219 492 1263 533 in
1292 491 1418 534 altum
1448 491 1647 533 eleuatus.

896 575 1082 616 pruna.
1118 564 1253 606 Pruna
1282 565 1533 606 damascena
1562 564 1676 605 dicit.
1705 575 1799 604 nam
1828 561 2058 603 nobiliores
2087 559 2302 609 amborum
2328 559 2488 605 tructus
2516 569 2675 609 romam
2688 557 2953 611 uehuntur

736 651 789 681 .a
818 638 1001 682 diuersis
1038 639 1181 681 mundi
1222 638 1424 693 partibus.
1465 641 1641 680 coctana
1681 637 1870 680 similiter
1908 636 2066 678 fructus
2103 633 2267 676 scilicet
2301 645 2437 690 genus
2461 635 2708 679 minutarum
2728 639 2890 680 “raca
2917 633 2949 677 i.

672 720 677 728 '
761 710 955 753 ficorum.
1002 714 1067 753 est
1097 714 1233 752 autem
1261 710 1526 764 prouerbium
1569 709 1804 764 peregrinis
1835 708 2076 762 obprobrio.
2114 706 2226 750 soliti
2265 706 2376 748 enim
2404 718 2545 750 sumus
2582 707 2727 751 dicere
2753 707 2949 764 peregri-

762 783 846 825 nis.
884 783 1034 826 nescio
1063 795 1145 838 quo
1174 787 1302 826 uento
1331 784 1411 826 hac
1441 782 1602 826 delatus
1631 794 1701 834 es;
2950 797 2989 833 5

909 856 1046 912 Usque
1071 857 1300 899 adeo:1n
1328 860 1483 899 tantum
1510 855 1643 910 inquit
1669 852 1774 897 nihil
1799 853 1924 896 nobis
1949 828 2123 908 prodest
2149 851 2261 908 quod
2293 863 2439 896 romae
2468 864 2609 898 sumus
2637 854 2723 897 nati
2748 859 2794 899 ut
2822 854 2947 902 etiam

764 933 980 988 peregrini
1007 932 1131 974 nobis
1161 934 1482 986 praeponantur.
1512 941 1608 972 nam
1653 928 1903 972 aduentinus
1930 938 2051 970 mons
2081 929 2145 969 est
2166 937 2311 968 romae
2339 925 2475 969 dictus
2504 925 2557 969 ab
2585 905 2768 970 aduentu
2795 929 2945 971 avium.

763 1007 878 1049 iuxta
909 1006 993 1047 tibe
1025 1037 1035 1047 .
1070 1037 1080 1046 .
1113 1037 1122 1046 .
1155 1005 1265 1047 enim
1296 1008 1360 1045 est
1386 1003 1499 1045 unde
1526 1015 1550 1044 a
1582 1002 1750 1045 flumine
1780 1002 1834 1045 ad
1861 1004 2042 1043 montem
2073 998 2222 1041 solitae
2254 1000 2350 1040 sunt
2383 1009 2484 1042 aues
2510 997 2681 1051 uolare;

899 1077 927 1103 θ
955 1076 1096 1117 hausit
1112 1091 1122 1116 ε
1140 1076 1315 1130 spirauit
1341 1087 1495 1116 aerem.

896 1152 926 1179 ἃ
953 1151 1116 1206 Ionqum
1134 1165 1145 1191 ;
1161 1149 1378 1205 gracilem.
2964 1158 3009 1196 10

860 1251 862 1253 v
897 1223 1088 1266 antheus
1113 1222 1339 1265 :Amicum
1370 1222 1504 1276 inquit
1533 1220 1739 1265 infimum
1765 1220 1987 1264 habentem
2019 1222 2189 1279 longum
2218 1222 2369 1265 collum
2397 1221 2499 1265 dicit
2520 1226 2659 1267 tantae
2688 1223 2943 1269 fortitudinis

761 1310 859 1342 esse
890 1300 1068 1351 quantae
1110 1294 1188 1338 suit
1225 1294 1437 1338 hercules.
1477 1294 1652 1337 antheus
1689 1296 1766 1336 fuit
1799 1308 1877 1338 rex
1921 1295 2047 1337 libiae
2075 1299 2215 1339 terrae
2255 1294 2362 1338 filius
2401 1294 2455 1339 nd
2483 1305 2604 1352 quem
2635 1306 2727 1341 cum
2756 1295 2945 1343 uenisset

757 1371 953 1417 hercules
985 1371 1125 1426 coepit
1155 1385 1249 1414 cum
1280 1385 1334 1413 eo
1363 1371 1515 1413 luctari
1540 1376 1588 1421 et
1615 1384 1707 1412 cum
1735 1372 1779 1411 in
1813 1384 1865 1412 eo
1896 1376 2010 1412 esset
2036 1375 2081 1410 ut
2113 1383 2205 1412 eum
2234 1371 2423 1412 uinceret
2448 1369 2519 1413 ille
2548 1370 2766 1415 simulabat
2799 1383 2942 1418 casum

758 1448 802 1490 et
827 1448 959 1490 matre
988 1448 1100 1489 terra
1128 1445 1245 1488 uires
1273 1445 1312 1488 ei
1343 1449 1601 1499 suggerente
1629 1446 1850 1498 resumptis
1891 1447 2050 1486 uiribus
2090 1447 2240 1487 sortior
2282 1446 2542 1502 resurgebat.
2591 1446 2702 1501 quod
2746 1446 2940 1491 hercules

753 1518 943 1576 percepit
972 1530 1149 1574 cumque
1177 1518 1326 1562 iterum
1357 1517 1484 1562 uellet
1513 1517 1668 1561 cadere
1698 1517 1893 1559 hercules
1925 1520 2055 1559 tenuit
2084 1531 2176 1558 eum
2208 1532 2231 1558 a
2259 1523 2370 1559 terra
2400 1529 2644 1573 suspensum
2684 1524 2725 1562 et
2750 1520 2813 1562 sic
2843 1523 2941 1610 gut-
2961 1526 3006 1564 15

753 1596 822 1638 tur
854 1592 945 1638 eius
983 1591 1114 1637 illisit.
1162 1591 1261 1636 ideo
1292 1591 1396 1635 dixit
1423 1592 1604 1635 tenentis
1633 1592 1826 1633 antheum
1854 1593 2001 1645 procul
2031 1607 2055 1633 a
2082 1593 2257 1643 tellure;

891 1667 919 1695 θ
947 1666 1159 1710 matur:
1180 1665 1326 1709 mirari
1354 1678 1404 1709 se
1434 1665 1537 1709 dicit
1564 1666 1686 1708 amici
1713 1665 1885 1708 breuem
1910 1665 1982 1707 uel
2008 1666 2211 1721 gracilem
2245 1679 2407 1709 uocem.

892 1746 934 1785 et
954 1740 1075 1784 nobi-r
1091 1756 1101 1782 ε
1120 1740 1251 1791 Quasi
1270 1740 1432 1782 diceret
1453 1743 1496 1781 et
1516 1752 1594 1781 nos
1612 1739 1772 1782 adulari
1792 1752 2012 1794 possumus
2032 1741 2108 1783 sed
2138 1753 2223 1783 non
2242 1745 2397 1784 tantum
2422 1753 2557 1797 neque
2582 1742 2715 1797 perite
2741 1746 2786 1787 ut
2804 1743 2940 1798 greci3

893 1817 1071 1859 laudare
1101 1832 1111 1857 z
1142 1816 1300 1860 Sensus
1330 1819 1395 1858 est
1424 1815 1586 1858 etiamsi
1617 1815 1777 1858 adulari
1796 1816 1977 1858 sciamus
2004 1829 2088 1858 non
2116 1820 2255 1858 tamen
2283 1815 2498 1870 implemus
2525 1821 2655 1859 artem
2686 1830 2938 1873 graecorum

748 1895 797 1933 ut
827 1891 872 1932 in
901 1889 1044 1933 scenis
1075 1892 1159 1931 tam
1191 1890 1285 1943 apte
1318 1889 1360 1930 et
1390 1887 1447 1931 ita
1485 1898 1562 1943 pro
1607 1886 1799 1942 personis
1840 1886 2059 1943 loquamur
2097 1893 2140 1931 ut
2168 1890 2284 1944 ipsae
2314 1903 2417 1945 quas
2458 1891 2696 1934 simulamus
2728 1903 3003 1946 personaezo

751 1966 870 2021 loqui
901 1968 1117 2021 putentur;
3055 1953 3057 1955 ¹

885 2051 943 2082 an
970 2038 1118 2082 mdior-
1151 2053 1162 2081 :
1190 2038 1298 2082 Num
1327 2037 1460 2094 inquit
1483 2036 1658 2093 peritior
1686 2036 1761 2082 tibi
1791 2036 1956 2082 uidetur
1994 2050 2085 2081 cum
2111 2043 2370 2094 representat
2411 2053 2529 2083 more
2559 2038 2826 2083 comedorum
2855 2039 2936 2082 ali-

747 2126 874 2169 quam
904 2118 1136 2157 matronam
1165 2117 1238 2156 aut
1265 2125 1358 2154 cum
1387 2115 1648 2168 representat
1677 2112 1850 2155 alicuius
1880 2124 2052 2156 uxorem
2081 2124 2156 2156 seu
2177 2112 2353 2169 aliquam
2369 2113 2675 2170 pauperculam.
2710 2125 2796 2158 non
2823 2112 2934 2157 enim

748 2187 793 2229 in
822 2199 905 2229 una
938 2187 1086 2229 harum
1114 2186 1293 2241 peritior
1323 2190 1388 2229 est
1417 2186 1776 2241 representatione
1808 2199 1928 2240 quam
1959 2188 2000 2228 in
2031 2189 2229 2239 omnium;

889 2263 917 2288 ⁴*
948 2260 1100 2304 dorida
1124 2260 1408 2317 :paupercula
1436 2260 1505 2304 uel
1535 2272 1688 2304 nomen
1716 2260 1891 2305 ancillae
1922 2262 1965 2304 in
1999 2264 2213 2305 comediis.
2949 2275 2998 2309 25

885 2336 1053 2392 plano:
1080 2335 1200 2391 quasi
1228 2334 1366 2379 uirilia
1397 2345 1484 2379 non
1513 2333 1664 2379 habeat
1674 2349 1686 2387 ;

888 2408 1110 2452 antiochus
1139 2409 1354 2453 :Nomina
1382 2413 1479 2451 sunt
1507 2408 1708 2452 nobilium
1754 2410 2033 2454 comedorum.
2074 2411 2309 2466 ubicunque
2345 2412 2478 2466 inquit
2517 2412 2665 2467 aliquis
2707 2425 2932 2468 grecorum

752 2486 879 2528 suerit
906 2485 994 2527 illic
1026 2496 1227 2526 romanus
1254 2483 1454 2526 comedus
1487 2484 1676 2537 quamuis
1704 2484 1980 2537 peritissimus
2010 2496 2094 2526 non
2126 2484 2205 2526 erit
2234 2484 2496 2526 admirationi
2524 2485 2620 2538 quia
2648 2485 2760 2539 quod
2789 2498 2932 2527 roma-

747 2569 828 2601 nus
857 2558 946 2614 ugit
976 2567 1054 2613 per
1085 2556 1187 2600 artis
1220 2555 1410 2612 peritiam
1436 2554 1507 2599 ille
1532 2553 1679 2599 melius
1715 2559 1755 2599 et
1786 2556 2024 2611 expressius
2050 2571 2125 2612 per
2155 2559 2365 2614 ingenium
2391 2560 2579 2602 naturale
2605 2559 2765 2614 effecit3

887 2635 916 2660 θ
947 2631 1091 2676 nolli:
1119 2631 1469 2687 pronuntiatione.
2946 2637 2996 2677 30

889 2710 918 2736 ὓ
944 2707 1058 2751 rides
1083 2707 1149 2751 :si
1179 2707 1342 2750 riseris.

887 2784 916 2811 ⁴*
942 2794 1020 2827 noc
1051 2781 1190 2825 dolet:
1215 2794 1307 2825 cum
1335 2794 1420 2825 non
1449 2782 1589 2825 doleat
1615 2782 1736 2825 fletur
1766 2785 1917 2824 tamen.

889 2852 1015 2897 Natio
1045 2855 1071 2896 i.
1106 2853 1301 2896 natiuitas
1329 2865 1436 2909 gens
1466 2856 1552 2896 tota
1594 2865 1818 2908 grecorum
1866 2854 1961 2897 talis
2003 2859 2066 2897 est
2096 2856 2290 2898 imitatrix
2333 2857 2513 2899 omnium
2552 2868 2691 2900 rerum
2719 2867 2804 2899 non
2833 2860 2930 2899 tan-

749 2932 835 2970 tum
867 2926 913 2969 111
944 2938 1049 2983 quos
1082 2939 1207 2983 supra
1240 2928 1516 2981 memorauit3

886 3135 922 3172 3.
950 3136 1082 3167 coeam
1109 3141 1243 3180 genera
1273 3132 1468 3169 caricarum
1494 3133 1809 3170 minutissimarum
1836 3132 1896 3169 uel
1932 3144 2072 3169 nucum.
2092 3132 2131 3169 C.
