3293 4057
1288 332 1622 379 -23-

500 465 529 521 f
702 479 714 506 z
742 465 871 507 Tanta
900 468 964 506 est
992 463 1123 518 inquit
1149 475 1316 506 reorum
1355 462 1571 504 multitudo
1601 466 1645 502 ut
1672 463 1715 502 in
1755 463 1866 503 omni
1896 463 2067 505 fornace
2098 469 2138 506 et
2169 466 2212 505 in
2244 465 2356 506 omni
2386 463 2541 505 incude

365 539 474 585 nihil
643 539 715 587 fiat
741 539 823 582 nisi
851 542 1038 581 catenae.
1068 538 1187 580 incus
1215 542 1351 580 autem
1381 541 1446 580 est
1474 536 1629 580 ferrum
1672 536 1779 578 fabri
1822 537 1865 577 in
1893 549 1974 592 quo
2008 550 2129 580 omne
2159 539 2313 580 sermm
2345 538 2541 581 cudendo

368 611 398 655 i.
427 611 622 656 taimen
650 610 808 654 utiliter
837 615 1024 666 aptatum

510 684 659 728 Umor
696 697 868 727 marrae
911 688 953 727 et
993 684 1166 726 samaa
1204 685 1474 727 instrumenta
1529 689 1624 727 sunt
1670 684 1932 726 rusticorum.
1992 697 2155 726 marrae
2200 689 2335 726 autem
2372 685 2541 727 bidubia

329 758 498 814 suulgo
528 758 740 811 dicuntum

506 830 670 885 rupibus
699 847 710 873 ε
740 831 874 874 Primo
901 842 1168 873 romanorum
1199 835 1385 885 tempore
1416 830 1609 873 consules
1640 830 1806 873 fuerunt
1828 831 1904 873 eis.
1944 835 2038 884 post
2080 843 2171 872 cum
2200 835 2367 884 propter
2396 843 2547 884 super-

370 905 482 952 biam
514 904 821 961 displicuissent
849 904 979 949 creati
1008 908 1103 948 sunt
1146 916 1271 960 reges
1300 908 1343 948 et
1369 902 1445 947 sub
1478 903 1579 958 ipsis
1616 903 1784 946 tribuni.
1845 903 2003 955 Quibus
2033 903 2156 946 etiam
2188 903 2241 946 ob
2274 902 2539 946 insolentiam

371 979 598 1035 repudiatis
628 979 818 1029 fecerunt
859 978 964 1030 duos
1015 977 1219 1031 consule&
1236 989 1361 1027 unum
1390 988 1534 1031 roma}
1561 977 1850 1032 memma
1897 977 2071 1030 akenm
2100 977 2363 1021 suburbanis.
2394 977 2542 1021 horum

372 1056 520 1096 neuter
545 1052 573 1095 i.
607 1065 686 1095 nec
711 1065 855 1098 romae
882 1051 1028 1096 consul
1060 1056 1176 1095 extra
1203 1063 1362 1094 romam
1389 1063 1469 1094 nec
1495 1051 1826 1095 suburbanorum
1860 1055 1978 1095 extra
2007 1050 2245 1094 suburbana
2275 1051 2439 1106 integra
2473 1051 2544 1094 die

313 1130 359 1169 to
374 1139 544 1170 manere
575 1125 780 1178 audebat3

510 1212 682 1244 carcere
713 1216 723 1243 :
755 1199 852 1243 olim
876 1200 1006 1255 inquit
1044 1199 1116 1243 ille
1141 1198 1334 1251 tullianus
1381 1211 1527 1244 carcer
1571 1210 1691 1254 quem
1721 1197 1860 1242 tullius
1890 1198 1989 1242 fecit
2019 1197 2251 1242 sufficiebat
2279 1210 2423 1242 romae
2452 1198 2547 1252 quia

376 1272 463 1317 rari
495 1276 612 1316 erant
638 1276 874 1325 -nocentes3
1172 1331 1174 1334 v

511 1350 541 1376 ⁴*
570 1347 750 1389 iumenta
777 1363 787 1389 z
815 1352 958 1402 parata
985 1347 1043 1390 ad
1074 1348 1347 1390 euectionem.
1423 1349 1427 1353 '

512 1424 541 1449 ⁴*
573 1421 744 1463 inclinat
767 1434 842 1477 pro
871 1422 1104 1464 inclinatur.

316 1501 362 1536 15
513 1498 542 1521 ⁴*
570 1495 868 1550 muliozagaso
896 1494 1045 1535 mulae.
1079 1528 1084 1532 .

514 1571 543 1596 ⁴*
570 1570 726 1610 Annuit
753 1585 763 1610 :
795 1570 958 1625 signum
987 1570 1100 1611 facit.
1142 1624 1145 1627 K

515 1645 668 1698 aquino
702 1659 711 1685 :
742 1644 948 1686 quenalis
979 1644 1193 1697 aquinates
1233 1647 1322 1684 erat
1360 1648 1401 1685 et
1431 1655 1522 1685 cum
1558 1655 1702 1684 romae
1731 1642 1942 1684 laboraret
1970 1641 2118 1683 uidens
2147 1640 2321 1695 plurima
2350 1652 2554 1682 romano-

379 1729 471 1759 rum
495 1717 597 1758 uitia
624 1717 770 1759 solitus
802 1722 892 1759 erat
918 1728 1098 1772 pergere
1129 1716 1323 1770 aquinum
1351 1717 1490 1771 ibique
1522 1721 1701 1759 mentem
1731 1728 1942 1757 recreare.
1972 1715 2073 1756 dicit
2101 1727 2204 1769 ergo
2235 1714 2295 1755 illi
2324 1714 2551 1756 umbricius

381 1787 721 1845 quotiescumque
766 1802 791 1833 a
833 1801 951 1833 roma
980 1789 1172 1844 aquinum
1199 1790 1435 1843 perrexeris
1467 1801 1599 1833 euoca
1633 1801 1700 1833 me
1729 1801 1754 1832 a
1788 1788 1918 1831 cumis
1957 1792 2004 1830 ut
2033 1787 2087 1831 ad
2112 1791 2155 1830 te
2198 1788 2372 1831 ueniens
2402 1788 2555 1843 loqua-

314 1869 365 1910 20
385 1874 479 1908 mur
505 1862 650 1910 simul·

516 1898 672 1980 Elubt'a
703 1947 820 1980 ceres
850 1950 860 1978 τ
891 1935 1010 1979 locus
1040 1939 1104 1980 est
1133 1936 1176 1978 in
1204 1935 1340 1993 galliis
1369 1934 1440 1978 ubi
1468 1934 1566 1977 olim
1596 1933 1810 1977 colebatur
1839 1944 1959 1977 ceres
1989 1937 2031 1977 et
2058 1933 2153 1991 quia
2183 1933 2332 1990 aquino
2362 1933 2554 1977 similiter

382 2010 600 2057 colebatur
628 2022 748 2056 ceres
781 2010 878 2054 idco
911 2010 1012 2058 illud
1042 2009 1236 2066 oppidum
1266 1996 1444 2053 eluinam
1474 2020 1669 2066 *cererem
1702 2008 1890 2065 appellat.
1951 2008 2074 2051 diana
2118 2008 2306 2052 similiter
2332 2008 2450 2052 locus
2484 2012 2551 2052 cst

379 2086 596 2143 praedium
625 2085 787 2132 scilicet
816 2084 1023 2129 quenalis
1048 2085 1162 2127 iuxta
1191 2084 1383 2140 templum
1417 2084 1580 2126 dianae.

515 2161 546 2187 ⁴*
578 2160 760 2202 conaelle
791 2173 802 2201 z
835 2169 1037 2202 conuoca.

314 2237 365 2274 25
517 2234 563 2276 ni
576 2233 704 2290 pudet
729 2234 756 2276 i.
787 2234 869 2276 nisi
896 2231 1180 2276 uerecundum
1209 2235 1273 2274 est
1302 2244 1374 2275 eas
1403 2230 1583 2286 suppleri
1615 2244 1638 2273 a
1667 2244 1759 2274 mea
1788 2242 1964 2287 persona
1995 2243 2099 2285 quae
2129 2230 2225 2273 uilis
2272 2234 2350 2273 est.

518 2313 547 2337 ⁴*
573 2311 727 2364 gelidos
761 2325 772 2350 τ
800 2322 899 2351 rore
926 2310 1099 2349 infusos.

515 2517 551 2555 4.
580 2516 688 2552 bidan
712 2515 753 2551 G.
925 2516 984 2551 21.
1011 2516 1059 2551 ad
1083 2514 1263 2551 clusinam:
1289 2514 1334 2550 ad
1358 2514 1451 2550 festa
1474 2513 1619 2549 cereris.
1647 2511 1687 2549 C.
