3293 4057
1293 372 1593 417 -7-

350 499 439 558 quit
469 499 540 541 alii
580 500 752 554 quilibet
779 500 954 541 induunt
992 512 1040 542 se
1068 499 1334 553 rechedipnis
1365 503 1407 541 et
1433 499 1533 540 liunt
1562 498 1731 553 parasiti
1760 505 1802 543 et
1842 510 1927 542 non
1952 505 2109 543 tantum
2136 502 2293 545 domini
2322 501 2524 556 palestri-

345 565 636 616 t'url'dismt
662 574 739 617 sed
770 576 893 617 etiam
924 575 1016 628 ipae
1041 575 1112 629 qui
1130 574 1318 617 rusticus
1343 577 1437 615 erat
1464 573 1670 627 parasitus
1696 573 1740 614 fit
1764 574 1890 615 etiarn
1918 577 1962 615 et
1990 573 2247 626 putenti-imm

475 647 734 690 aromatico
751 653 992 691 :ceromate
1020 647 1220 704 perducto
1249 651 1291 691 et
1311 647 1514 691 delibuto.
1555 659 1723 691 ceroma
1762 652 1828 691 est
1861 651 2114 703 unguentum
2160 659 2241 702 quo
2281 658 2523 706 perungue-

338 719 503 763 ‘m
528 720 705 774 meten

313 800 336 835 5
488 794 577 837 alta
607 794 762 837 sicione
790 811 801 837 ε
832 796 1021 840 Ostendit
1053 809 1106 839 ex
1138 795 1318 839 diversis
1343 796 1538 851 *partibus
1581 796 1696 838 orbis
1734 796 1880 839 uenire
1923 795 2115 838 homines
2156 807 2314 837 romam
2347 800 2389 838 et
2415 797 2519 840 uitia

351 856 428 911 aaa
456 857 554 911 mue
584 901 594 911 .
628 901 638 911 .
665 873 777 913 rure
809 874 850 913 et
878 869 964 912 illic
992 867 1220 922 ditescere3

487 944 517 971 ⁴¹*
547 942 735 985 trallibus
757 961 767 986 ι
794 944 940 987 ciuitas
969 957 1075 999 quae
1103 947 1257 986 tantum
1282 942 1497 998 plumaci-
1517 942 1770 986 ’declinatum

487 1017 703 1060 elabendi:
731 1034 743 1061 ε
771 1018 1000 1061 Alabandis
1044 1018 1203 1060 ciuitas.
1235 1017 1340 1060 hinc
1375 1021 1553 1061 uocatur
1595 1015 1868 1060 alabandinus
1907 1016 2014 1071 lapis
2056 1017 2126 1071 qui
2172 1017 2256 1060 illic
2299 1017 2520 1072 reperitur.

352 1095 394 1134 et
421 1095 484 1134 est
510 1092 720 1146 pluraliter
750 1097 791 1136 et
820 1091 1134 1144 indeclinabile;

288 1173 335 1208 ιο
486 1164 680 1218 esquiliae
700 1165 728 1207 i.
748 1165 991 1219 esquilinum
1018 1170 1177 1220 portam
1204 1165 1274 1207 ubi
1302 1169 1397 1207 sunt
1424 1165 1543 1220 graia
1564 1164 1713 1209 balnea
1742 1168 1864 1219 atque
1894 1164 1938 1206 in
1963 1164 2154 1219 proxirno
2184 1163 2414 1218 lupanaria.
2447 1164 2525 1207 Ui-

350 1237 502 1280 minem
533 1242 667 1281 autem
693 1238 842 1281 collem
860 1238 1060 1281 ‘dicit-ubi
1074 1237 1249 1281 liabetur
1269 1247 1468 1280 amoenus
1498 1238 1698 1280 locossic
1726 1238 1859 1280 dictus
1889 1251 1912 1280 a
1930 1238 2085 1280 uimine
2119 1238 2334 1293 uirgarum
2365 1237 2407 1279 in
2439 1249 2523 1291 quo

350 1301 446 1354 sunt
470 1314 517 1354 et
550 1310 670 1355 albae
694 1310 874 1368 gallinae
883 1325 895 1365 3

484 1385 653 1427 uiscera
685 1400 695 1427 ε
724 1386 794 1430 Sic
821 1386 953 1442 inquit
979 1398 1030 1428 se
1059 1385 1326 1441 ingesserunt
1364 1389 1405 1427 et
1443 1384 1615 1426 intimos
1654 1385 1843 1427 fecerunt
1867 1385 2035 1428 aliunde
2070 1386 2343 1428 aduenientes
2370 1389 2421 1426 -ut
2448 1397 2526 1440 per

352 1459 547 1501 auxilium
577 1463 855 1501 matronarum
887 1471 980 1501 cum
1015 1458 1163 1513 quibus
1191 1461 1342 1501 coeunt
1369 1463 1536 1513 sperent
1566 1471 1613 1501 se
1645 1460 1738 1503 fore
1761 1460 1968 1511 heredes3

290 1532 335 1573 15
482 1531 648 1584 perdita
679 1546 690 1572 ε
717 1531 881 1573 Perdita
913 1531 1030 1573 frons
1058 1530 1210 1572 dicitur
1246 1531 1538 1574 inuerecunda.
1567 1533 1664 1574 hinc
1697 1532 1870 1574 audacia
1904 1532 2062 1586 perdita
2091 1538 2154 1575 est
2179 1534 2450 1588 praecipitata
2481 1538 2526 1576 et

352 1604 443 1648 sine
476 1604 743 1649 uerecundia.
776 1604 913 1649 omnia
940 1603 1073 1660 inquit
1100 1603 1253 1648 audent
1282 1616 1544 1661 praesumere
1574 1609 1617 1649 et
1644 1605 1881 1661 promittere
1904 1618 1951 1649 se
1981 1606 2091 1649 scire
2101 1620 2113 1659 3

487 1678 560 1720 ede
591 1693 602 1721 ε
632 1679 726 1722 Non
752 1679 883 1732 inquit
910 1681 1047 1732 potest
1073 1678 1214 1721 dicere
1245 1679 1342 1733 quid
1370 1679 1435 1721 sit.
1473 1680 1510 1723 si
1556 1680 1711 1723 dixeris
1741 1691 1834 1722 eum
1864 1691 1959 1722 esse
1989 1681 2300 1735 grammaticum
2329 1681 2442 1724 dicet
2473 1694 2524 1725 se

349 1764 447 1794 esse
474 1753 699 1794 rethorem.
735 1752 774 1793 si
803 1752 1012 1794 rethorem
1061 1752 1217 1793 dixeris
1248 1752 1357 1794 dicet
1383 1766 1429 1795 se
1462 1754 1677 1806 pictorem.
1707 1765 1811 1807 ergo
1826 1765 1912 1795 non
1937 1757 2073 1807 potest
2096 1753 2179 1795 dici
2211 1755 2309 1807 quid
2340 1754 2395 1796 sit
2424 1755 2525 1808 quia

352 1826 495 1868 omnia
522 1830 588 1867 est
618 1830 661 1867 et
687 1826 825 1867 omnia
855 1838 903 1867 se
934 1827 1045 1867 scire
1075 1826 1174 1866 dicit
1183 1841 1195 1877 ;

287 1902 338 1940 2⁰
488 1898 637 1953 aliptes
664 1902 729 1941 est
759 1903 804 1941 ut
832 1899 998 1953 quidam
1027 1899 1167 1941 dicunt
1198 1899 1380 1954 sculptor
1406 1905 1450 1942 ut
1478 1901 1623 1944 melius
1662 1899 1874 1956 plagarius
1901 1900 1929 1942 i.
1958 1904 2125 1943 curator
2148 1900 2362 1956 plagarum
2376 1915 2389 1953 3

486 1971 729 2013 scenobates
758 1976 822 2014 est
856 1972 1131 2014 funambulus.
1162 1985 1255 2013 nam
1284 1987 1434 2016 scenos
1464 1975 1573 2017 funis
1603 1976 1717 2017 batin
1744 1975 1902 2030 gradus
1912 1990 1927 2027 ;

486 2045 722 2087 Gmecutus
752 2059 763 2086 :
796 2042 945 2088 Omnia
993 2044 1095 2086 dicit
1135 2057 1182 2087 se
1210 2056 1342 2103 bposse
1381 2046 1475 2088 dum
1518 2049 1659 2091 esurit.
1708 2049 1831 2092 etiam
1878 2036 2010 2103 iuquit
2046 2048 2091 2090 in
2131 2049 2290 2092 caelum
2335 2049 2438 2091 dicit
2478 2061 2529 2092 se

350 2131 482 2176 posse
503 2120 604 2173 ‘hm

491 2196 520 2223 ἃ
545 2193 620 2237 ibit
637 2209 648 2237 ε
664 2194 879 2250 yperbole.

291 2280 340 2317 25
492 2271 521 2296 ἃ
551 2268 608 2310 ad
637 2281 836 2310 summam
858 2285 869 2310 ε
895 2269 948 2311 ad
977 2269 1160 2311 ultimum
1188 2270 1257 2312 uel
1285 2274 1545 2324 postremum.

492 2354 666 2385 maurus
696 2356 707 2384 ε
739 2342 784 2385 ln
813 2346 967 2385 tantum
998 2343 1129 2398 inquit
1157 2343 1309 2385 iactant
1336 2355 1382 2385 se
1404 2342 1544 2399 graeci
1572 2342 1625 2385 de
1660 2342 1900 2385 inuentione
1929 2342 2077 2386 artium
2108 2349 2276 2385 suarum
2304 2345 2352 2384 ut
2385 2342 2529 2385 dicant

352 2426 558 2471 nusquam
587 2426 714 2471 posse
742 2414 922 2458 inueniri
953 2415 1131 2472 aliquem
1158 2417 1332 2473 peritum
1358 2415 1553 2458 artificem
1581 2414 1662 2456 nisi
1681 2425 1834 2471 grecus
1865 2415 1931 2457 sit.
1992 2414 2202 2457 Daedalus
2230 2416 2420 2471 inquiunt
2447 2416 2520 2471 qui

359 2493 449 2532 arte
478 2488 721 2531 mechanica
748 2488 907 2531 uelauit
936 2501 1021 2531 non
1053 2488 1129 2531 fuit
1156 2501 1321 2532 maurus
1348 2501 1480 2544 neque
1509 2488 1680 2531 alicuius
1710 2488 1847 2543 gentis
1890 2488 2044 2531 artifex
2082 2488 2158 2531 sed
2189 2488 2390 2544 greciae3

495 2561 697 2605 conchilia
724 2563 751 2605 i.
778 2562 939 2604 fucatos
958 2563 1120 2605 habitus
1149 2566 1192 2606 et
1219 2563 1374 2606 murice
1400 2563 1549 2604 tinctos
1579 2562 1607 2603 i.
1637 2563 1840 2618 sanguine
1869 2562 2169 2604 conchiliorum
2198 2573 2275 2617 per
2303 2573 2412 2617 quae
2440 2563 2530 2605 uult

294 2635 533 2691 aointelligi
561 2634 791 2678 maculatos
820 2646 959 2677 mores
991 2639 1031 2677 et
1060 2635 1212 2677 tinctos
1241 2634 1515 2687 immunditia;

494 2709 683 2763 Siynauit
700 2723 710 2749 ε
727 2708 847 2750 Adeo
878 2709 1009 2763 inquit
1036 2708 1154 2764 greci
1181 2708 1223 2748 in
1256 2708 1335 2749 hac
1361 2708 1463 2750 urbe
1493 2707 1710 2762 proficiunt
1738 2712 1783 2749 ut
1812 2721 1903 2750 cum
1936 2708 2091 2762 aliquid
2122 2708 2248 2750 fuerit
2271 2709 2529 2765 signandum

361 2787 455 2825 ante
489 2795 556 2825 me
580 2782 719 2837 signet
750 2783 818 2836 qui
852 2794 941 2824 sum
968 2793 1163 2823 romanus
1190 2781 1306 2835 prior
1336 2791 1485 2823 nomen
1514 2776 1629 2822 sumn
1659 2776 1847 2832 scribat3

495 2857 524 2883 ἃ
555 2855 741 2910 δὲρπσιιίι
764 2859 1083 2898 :testamentum
1113 2855 1226 2897 fecit.

497 3065 533 3102 6.
561 3063 628 3109 leq.
655 3068 810 3108 portare.
911 3067 965 3103 17.
994 3064 1087 3099 lsai:
1113 3062 1210 3099 Iseus
1235 3062 1356 3099 rethor
1380 3061 1448 3098 fuit
1470 3060 1689 3097 atheniensis
1722 3059 1820 3096 illius
1846 3062 2031 3107 temporis.
2059 3059 2101 3098 C.
2204 3065 2264 3102 25.
2291 3055 2525 3108 postte-ui.

361 3117 513 3161 aggerat
540 3111 726 3148 leuitatem
752 3121 952 3161 grecorum.
980 3111 1021 3148 C.
