3293 4057
1283 336 1587 380 —5-

480 464 957 520 Onoadas-:Magistros
992 464 1079 507 ludi
1109 468 1149 507 et
1179 464 1436 520 gladiatores
1467 464 1595 519 etqui
1617 464 1777 507 theatra
1805 475 1911 518 quae
1933 468 1973 507 et
1993 476 2146 508 arenae
2177 465 2370 508 dicuntur
2392 478 2527 521 prae-

343 540 545 585 aldeam
573 540 644 584 hic
671 543 787 582 notat
815 539 905 582 siue
937 538 1031 581 illos
1069 540 1137 594 qui
1168 550 1293 581 causa
1332 538 1583 594 paupertatis
1611 537 1885 593 simphoniam
1917 549 1992 592 per
2033 538 2181 592 oppida
2220 543 2261 581 et
2300 539 2525 595 municipia

347 615 590 670 cantabant3

481 692 511 718 ⁴*
540 688 792 732 conticuit:
818 700 989 744 quorum
1018 689 1111 731 uile
1141 692 1232 731 erat
1262 687 1457 730 officium.

304 783 329 818 5
480 763 741 817 muscipulis
770 778 780 804 :
810 763 1066 818 Municipalis
1095 766 1271 805 uocatur
1307 774 1435 804 arena
1459 761 1673 803 theatralis
1720 762 1763 802 in
1802 773 1880 815 qua
1918 762 2146 815 municipes
2177 761 2386 803 ludebant.
2416 763 2519 804 Nam

344 837 575 892 municipes
604 837 850 880 dicebantur
877 837 1132 893 gladiatores
1170 835 1238 879 uel
1276 834 1425 891 reliqui
1465 847 1534 877 mu
1553 867 1563 877 .
1585 868 1593 876 .
1615 867 1625 876 .
1648 848 1671 877 a
1712 834 1754 877 id
1800 839 1864 877 est
1906 834 2045 877 officia
2083 833 2291 889 quaelibet
2330 835 2527 877 ammini-

345 911 553 964 strabant3

477 990 676 1040 notaeque
706 1002 716 1028 :
745 987 877 1030 Notae
904 985 1061 1027 buccae
1092 987 1210 1027 erant
1241 983 1309 1026 uel
1348 984 1444 1038 quia
1474 981 1636 1025 adulari
1665 981 1777 1025 soliti
1819 985 1915 1025 sunt
1942 981 2010 1024 uel
2040 981 2252 1037 gluttones
2282 985 2401 1025 erant
2433 994 2518 1024 uo-

345 1059 568 1103 racissimi.

285 1146 330 1184 ω
478 1145 603 1175 uerso
628 1133 778 1188 pollice
807 1133 833 1173 i.
875 1134 1027 1173 mutata
1072 1131 1235 1173 fortuna
1275 1131 1343 1173 uel
1383 1131 1554 1185 indinop
1572 1162 1582 1171 .
1600 1142 1714 1186 .g·no
1745 1129 1961 1171 inclusum.
1989 1129 2071 1171 hoc
2114 1130 2224 1171 enim
2265 1130 2429 1184 signum
2459 1133 2526 1171 est

347 1212 388 1250 et
409 1236 420 1249 .
439 1209 540 1250 toris
560 1220 652 1249 cum
682 1207 795 1248 iubet
816 1206 992 1259 aliquem
1015 1204 1167 1244 occidi.
1197 1205 1265 1244 isti
1283 1205 1414 1258 inquit
1432 1216 1536 1259 quos
1567 1198 1677 1247 nunc
1701 1205 1885 1244 editores
1914 1217 2130 1244 munerum
2164 1204 2355 1244 uidemus
2386 1215 2529 1256 quon-

347 1280 440 1324 dam
467 1281 722 1336 gladiatores
754 1283 794 1321 et
821 1277 1002 1320 arenarii
1030 1276 1194 1318 fuerunt
1219 1288 1468 1330 reorumque
1499 1276 1776 1316 decollatores
1801 1280 1923 1330 atque
1947 1276 2243 1316 emundatores
2264 1276 2501 1316 cloacarum
2510 1290 2524 1325 ;

480 1354 509 1380 ⁴*
538 1364 664 1396 uerso
689 1352 842 1408 pollice
871 1352 899 1393 i.
930 1360 1056 1393 uersa
1085 1350 1265 1391 fortuna.
1300 1353 1341 1391 et
1379 1353 1443 1391 est
1470 1349 1757 1404 prouerbium

478 1428 507 1453 ⁴*
532 1427 818 1482 populariter:
835 1425 984 1468 leuiter
1013 1422 1149 1466 facile.

284 1513 328 1549 15
476 1500 667 1554 sericas:
690 1532 699 1540 .
736 1532 745 1540 .
780 1531 789 1540 .
819 1510 866 1541 re
901 1496 1076 1539 dicimus
1122 1495 1236 1537 foras
1266 1495 1340 1537 ire.
1381 1495 1478 1536 hinc
1506 1495 1662 1538 loricas
1693 1496 1866 1538 dicimus
1897 1496 2064 1538 cloacas
2097 1498 2139 1538 in
2169 1497 2317 1551 quibus
2351 1497 2519 1551 publica

346 1574 525 1617 ciuitatis
556 1578 745 1617 stercora
776 1571 971 1615 defluunt.
1031 1570 1136 1613 Nam
1161 1569 1335 1611 latrinae
1365 1569 1556 1611 dicuntur
1586 1570 1774 1624 priuatae
1799 1571 1842 1612 in
1874 1570 2090 1622 domibus3

479 1647 640 1690 iocari:
659 1646 795 1690 locari
826 1646 978 1690 dicitur
1006 1645 1173 1689 fortuna
1206 1655 1298 1685 cum
1326 1643 1531 1698 quoslibet
1570 1643 1744 1686 humiles
1774 1643 1927 1686 exaltat
1956 1648 2026 1687 aut
2056 1645 2258 1701 superbos
2288 1646 2524 1698 humilitat3

483 1722 512 1750 ⁴*
540 1719 706 1763 mentiri
731 1716 872 1761 nescio
902 1732 912 1759 ε
937 1729 1023 1761 non
1054 1717 1165 1773 quod
1196 1717 1358 1761 nesciat
1388 1716 1463 1760 sed
1496 1717 1607 1772 quod
1636 1728 1722 1759 non
1750 1716 1849 1760 uult.

483 1804 642 1847 nequeo
671 1791 873 1834 laudare:
904 1791 1103 1835 Solebant
1131 1790 1366 1834 adulatores
1393 1790 1500 1833 male
1533 1792 1787 1847 compositos
1819 1790 1950 1834 libros
1985 1792 2154 1834 diuitum
2183 1793 2355 1836 laudare
2384 1798 2426 1836 et
2444 1807 2527 1836 ac-

285 1877 334 1915 2⁰
351 1866 493 1920 cipere
523 1866 700 1920 pretium
731 1865 880 1908 laudis.
942 1865 1065 1916 Quod
1094 1865 1173 1908 iste
1203 1877 1250 1907 se
1277 1877 1404 1920 agere
1431 1876 1516 1907 non
1542 1877 1668 1920 posse
1698 1865 1824 1918 dicit3

485 1938 513 1968 ὓ
543 1943 585 1982 et
606 1952 787 1993 poscere
816 1938 844 1982 i.
872 1938 1046 1995 pretium
1079 1937 1344 1982 adulationis.

485 2015 731 2057 Astu-orum:
750 2013 1050 2057 Matematicam
1082 2013 1213 2068 inquit
1240 2013 1398 2056 nescio.
1431 2026 1524 2057 nam
1558 2013 1771 2070 fingebant
1801 2013 1967 2069 quidam
1998 2014 2255 2070 antiquorum
2286 2026 2523 2070 agnoscere

351 2100 456 2142 quae
486 2087 622 2130 sutura
650 2091 746 2130 sunt
774 2087 1002 2131 secundum
1029 2091 1183 2130 motum
1210 2086 1417 2130 stellarum
1448 2099 1522 2141 per
1549 2088 1863 2131 matematicam.

483 2161 512 2189 θ’
538 2161 667 2216 sunus
694 2161 936 2215 promittere
967 2162 994 2203 i.
1028 2161 1231 2204 maleficia
1261 2173 1471 2204 exercere.

286 2251 346 2287 25>
486 2248 563 2277 nec
586 2247 759 2289 possum
792 2250 802 2276 ε
836 2268 845 2277 .
880 2268 888 2277 .
922 2268 932 2277 .
965 2235 994 2277 li
1026 2235 1098 2277 filii
1127 2240 1284 2290 patrum
1314 2239 1484 2277 mortem
1516 2235 1568 2276 ob
1601 2268 1639 2276 ..
1666 2268 1674 2277 .
1706 2236 1804 2278 bant
1833 2237 1954 2278 citam
1984 2236 2096 2279 unde
2132 2235 2418 2278 adulatoribus
2452 2236 2525 2279 di—

352 2310 539 2352 centibus
570 2323 617 2353 se
637 2310 748 2352 scire
777 2310 941 2364 quando
970 2310 1076 2352 mori
1119 2309 1321 2352 deberent
1350 2309 1500 2352 dabant
1519 2320 1699 2351 munera.

487 2387 516 2412 ⁴*
542 2385 738 2426 viscera:
765 2386 958 2426 intestina
989 2386 1018 2426 i.
1051 2397 1228 2427 uenena.

485 2458 513 2485 θ
541 2462 649 2512 quae
679 2458 798 2499 mim}
820 2473 830 2498 :
858 2470 1029 2500 munera
1058 2458 1126 2500 uel
1154 2458 1327 2500 litteras.

486 2535 515 2559 ⁴*
543 2532 731 2572 ministro
754 2548 764 2572 :
788 2533 960 2572 conscio
989 2532 1057 2573 uel
1088 2533 1359 2573 ministrante.

285 2620 334 2655 30
485 2606 571 2646 Fur
600 2606 712 2646 erit:
745 2606 908 2646 Furtum
939 2618 1015 2658 pro
1043 2606 1246 2648 adulterio
1278 2610 1318 2649 et
1341 2606 1406 2647 sur
1433 2618 1506 2659 pro
1537 2606 1720 2648 adultero
1750 2608 1928 2660 ponitur.
1967 2614 2012 2650 ut
2042 2609 2177 2664 virgil.
2213 2609 2352 2652 dulcia
2382 2610 2523 2671 furta;

484 2682 513 2708 ⁴*
546 2679 736 2722 conscius
757 2696 766 2721 :
789 2678 961 2723 sceleris
989 2679 1132 2734 turpis.

486 2753 557 2796 Nil
587 2753 660 2796 tibi
679 2769 689 2796 ε
710 2753 978 2807 ΝειῐιείεοοΖι,
1012 2754 1193 2799 consciis
1221 2754 1391 2810 plurima
1424 2753 1577 2797 donant
1600 2754 1667 2798 uel
1705 2754 1756 2797 ad
1787 2754 2046 2799 conficienda
2077 2755 2294 2800 maleficia.

495 2896 530 2932 6.
557 2894 678 2927 munia
702 2893 743 2928 B.
888 2894 1180 2928 administrabant
1217 2900 1252 2929 et
1278 2896 1371 2941 quod
1397 2897 1648 2941 despicabilius
1680 2906 1750 2930 non
1778 2907 1909 2931 arenae
1935 2898 2191 2932 deseruiebant
2216 2909 2311 2944 quae
2336 2901 2430 2933 intra
2454 2909 2520 2932 ro-

350 2955 443 2977 mam
469 2948 545 2977 erat
568 2942 632 2976 sed
654 2954 746 2987 quae
766 2942 801 2975 in
816 2943 1012 2987 municipio
1039 2944 1151 2987 ipsius
1171 2949 1246 2978 erat
1270 2945 1437 2979 ciuitatis.
1464 2944 1504 2979 B.
1583 2945 1636 2982 14.
1663 2957 1765 2979 uerso
1787 2944 1916 2990 pollice
1932 2959 1942 2979 z
1968 2945 2145 2981 Inclinato
2171 2957 2308 2993 pugno.
2334 2947 2405 2983 hoc
2422 2948 2519 2982 euim

349 2991 492 3038 signum
518 2994 594 3024 erat
619 2989 767 3024 editoris
794 2992 920 3034 (antea
936 2990 1128 3037 auditoris)
1155 3002 1234 3026 cum
1261 2992 1359 3026 iubet
1384 2998 1452 3028 etc.
1479 2992 1519 3028 Β.
1641 2995 1696 3030 15.
1724 2992 1834 3028 forire
1862 2993 2014 3029 dicimus
2039 2994 2079 3029 B.
2108 2995 2220 3030 sorire
2246 2999 2390 3031 ueteres
2415 2994 2519 3031 diee-

350 3040 437 3073 bant
461 3045 623 3073 uentrem
649 3037 882 3073 dehonorare.
922 3038 1071 3081 Quidam
1100 3039 1258 3086 uectigal
1283 3041 1359 3075 uini
1385 3046 1507 3086 putant
1531 3040 1592 3075 alii
1619 3039 1743 3075 domos
1767 3041 1912 3086 publico
1938 3048 2081 3088 sumptu
2108 3043 2293 3080 edificatus
2318 3043 2364 3080 ad
2389 3043 2521 3081 loetu-

352 3086 446 3122 dum.
474 3085 513 3122 C.
659 3089 715 3126 25*
744 3085 810 3133 leq.
835 3086 920 3122 mali
948 3086 1011 3122 lilii
1038 3091 1175 3134 patrum
1203 3092 1351 3124 mortem
1378 3089 1546 3135 optabant
1571 3090 1689 3124 citam.
