3293 4057
1685 335 2026 384 ...16—

889 466 1004 509 nuda
1050 466 1077 508 i.
1128 478 1204 522 per
1241 479 1288 511 se
1320 472 1467 512 ornata
1499 480 1608 525 quae
1651 481 1738 513 non
1785 470 1911 526 egent
1952 466 2214 510 extrinsecus
2253 466 2395 511 ornari
2422 466 2497 510 sed
2536 465 2625 521 ipsa
2654 474 2728 507 sua
2755 463 2940 507 nuditate

751 540 985 591 ornantur;

889 612 919 637 ⁴*
951 611 1074 667 siqua
1103 626 1113 654 :
1143 612 1380 656 simulacra.

904 685 1111 741 eufranor
1139 690 1180 729 et
1211 687 1431 743 policletus
1462 687 1643 730 artifices
1674 687 1839 730 suerunt
1866 686 1938 729 illo
1968 690 2152 741 tempore
2176 684 2438 739 peritissimi5

894 759 1215 803 Fetosianorum
1246 777 1256 803 :
1286 763 1495 806 Fetasiani
1529 763 1668 819 populi
1702 766 1798 805 sunt
1827 760 2103 816 superstitiosi
2137 758 2336 814 plurimos
2380 758 2484 801 deos
2516 760 2700 803 colentes
2737 760 2815 816 ipsi
2841 762 2974 802 sunts

753 837 798 877 et
823 834 1031 891 pheaces;

891 912 920 937 ⁴*
949 914 1097 952 uetera
1126 928 1136 953 :
1170 911 1421 967 efexegesis.

890 985 919 1010 ⁴*
945 983 1111 1038 forulos
1136 1001 1146 1026 :
1173 989 1287 1026 tecas
1318 988 1359 1025 et
1386 984 1514 1026 cistas
1542 983 1757 1026 librorum.

892 1057 1149 1112 mediamque
1178 1058 1406 1098 mirteruam
1435 1073 1445 1098 :
1476 1058 1765 1112 Imperfectum
1797 1056 2062 1098 simulacrum
2101 1056 2314 1098 mineruae
2346 1055 2590 1098 accelerans
2621 1056 2774 1099 donum
2802 1071 2934 1101 suum.

751 1129 845 1172 siue
874 1130 1053 1172 mediam
1080 1130 1307 1172 mineruam
1337 1129 1433 1184 quia
1463 1129 1508 1171 in
1533 1128 1674 1172 medio
1705 1131 1873 1172 armarii
1901 1134 2077 1174 statuam
2112 1129 2376 1173 collocabant
2404 1129 2617 1173 mineruae
2642 1134 2784 1185 utpote
2815 1131 2935 1175 deam
2953 1139 2999 1175 10

749 1203 995 1259 sapientiae.

886 1277 913 1302 ¹*
940 1276 1114 1317 meliora
1143 1290 1153 1316 :
1189 1287 1311 1329 quam
1340 1275 1585 1330 perdiderit.

884 1351 912 1376 ⁴*
941 1349 1109 1403 reponit
1138 1363 1148 1390 :
1178 1349 1340 1403 recipit.

884 1422 1091 1464 arborum
1131 1424 1159 1463 i.
1199 1422 1461 1476 pupillorum.
1508 1423 1700 1464 Persicus
1742 1425 1953 1477 proprium
1983 1424 2121 1478 pupilli
2154 1423 2357 1478 elegantis
2414 1427 2455 1464 et
2502 1422 2656 1463 nobilis
2707 1428 2776 1464 aut
2817 1429 2932 1467 certe

744 1494 843 1536 ideo
876 1495 1083 1548 persicum
1110 1506 1187 1549 pro
1220 1494 1348 1536 diuite
1371 1494 1511 1548 posuit
1540 1495 1635 1548 quia
1663 1507 1814 1549 persae
1847 1495 2037 1537 ditissimi
2064 1502 2169 1538 sunt.
2201 1497 2342 1539 hor‘ts.
2372 1496 2560 1550 persicus
2591 1496 2660 1538 odi
2691 1501 2995 1551 apparatus31'5

878 1569 907 1593 ⁴*
936 1567 1194 1608 lautissimus
1228 1582 1237 1608 :
1270 1567 1513 1609 ditissimus.

877 1643 906 1667 ⁴*
936 1645 1147 1694 tamquam
1175 1641 1268 1694 ipse
1294 1652 1398 1682 suas
1428 1656 1438 1682 :
1471 1642 1635 1683 scilicet
1660 1646 1705 1682 ut
1736 1642 1852 1696 plura
1884 1643 2088 1697 reciperet
2121 1655 2145 1684 a
2176 1642 2502 1683 conserentibus.

877 1714 927 1758 sa·
948 1720 1070 1768 potes
1100 1730 1110 1757 :
1141 1715 1309 1758 Plurimi
1339 1727 1484 1757 romae
1514 1715 1755 1757 habitabant
1786 1728 1872 1757 non
1902 1720 2068 1770 propter
2090 1715 2202 1758 aliud
2226 1715 2307 1757 nisi
2339 1718 2508 1770 propter
2538 1714 2659 1757 ludos
2692 1718 2734 1757 et
2760 1720 2930 1771 specta-

737 1787 833 1830 cula
867 1799 974 1841 quae
1004 1788 1063 1829 ibi
1097 1787 1496 1830 administrabantur
1524 1788 1671 1842 quibus
1701 1789 1856 1842 priuari
1886 1802 1970 1831 non
2015 1793 2218 1844 poterant.
2253 1789 2355 1831 dicit
2383 1801 2487 1844 ergo
2519 1789 2747 1832 umbricius
2778 1791 2831 1833 ad
2858 1791 2927 1833 iu-

733 1861 932 1904 uenalem
968 1861 1006 1903 si
1036 1865 1156 1914 potes
1195 1861 1306 1903 ludis
1344 1861 1603 1904 circensibus
1644 1875 1790 1905 carere
1830 1864 2021 1917 optimam
2061 1863 2226 1905 domum
2267 1863 2425 1905 habere
2473 1863 2631 1917 poteris
2665 1862 2773 1917 apud
2803 1876 2926 1906 soras
2942 1863 2991 1906 20

737 1934 882 1977 italiae
917 1935 1131 1978 ciuitatem
1159 1935 1230 1978 uel
1258 1936 1366 1989 apud
1398 1936 1663 1979 fabrateriam
1693 1949 1768 1978 seu
1797 1937 2053 1979 frusinonem
2094 1937 2334 1991 campaniae
2364 1937 2582 1987 ciuitates3

876 2009 905 2035 ⁴*
937 2009 1098 2050 auelli:
1128 2009 1335 2051 recedere
1363 2009 1431 2051 uel
1460 2011 1669 2053 remoueri
1701 2026 1724 2053 a
1754 2011 1876 2053 ludis.

878 2082 1136 2124 circensibus
1164 2100 1175 2127 :
1210 2085 1425 2127 circenses
1460 2086 1652 2128 dicuntur
1680 2086 1797 2140 quasi
1830 2086 1985 2127 circum
2016 2096 2151 2127 enses.
2199 2088 2290 2126 erat
2322 2088 2458 2126 autem
2490 2094 2625 2139 genus
2653 2081 2742 2124 ludi
2769 2081 2813 2123 in
2843 2092 2925 2136 quo

738 2159 962 2201 maximum
992 2160 1222 2213 periculum
1257 2160 1395 2202 fiebat.
1428 2173 1481 2202 ex
1498 2173 1580 2202 una
1610 2172 1785 2214 namque
1805 2164 1921 2213 parte
1942 2159 2131 2200 currebat
2158 2158 2308 2199 fluuius
2328 2163 2368 2200 et
2395 2172 2447 2200 ex
2477 2158 2606 2200 altera
2636 2157 2924 2211 deligebantur

739 2245 866 2275 enses
899 2232 941 2273 in
968 2232 1193 2287 medioque
1225 2234 1462 2276 currebant.
1495 2235 1530 2276 si
1566 2238 1701 2276 autem
1727 2232 2000 2275 declinauerit
2033 2231 2083 2274 ab
2114 2231 2248 2273 orbita
2281 2235 2350 2273 aut
2378 2232 2421 2273 in
2449 2230 2617 2273 fluuium
2648 2229 2825 2271 cadebat
2855 2233 2924 2271 aut
2939 2234 2986 2270 25

738 2307 784 2348 in
814 2318 940 2349 enses
966 2307 1205 2359 incidebat3

877 2382 906 2406 ⁴*
937 2391 1065 2421 sorae
1097 2395 1106 2421 ε
1142 2380 1225 2421 1οεί
1258 2380 1517 2423 adverbium.

876 2452 1101 2496 tenebras:
1125 2454 1334 2497 Tenebras
1364 2454 1625 2497 miseriarum
1659 2453 1771 2496 dicit.
1806 2458 1956 2508 quanto
1982 2452 2111 2507 inquit
2138 2452 2272 2507 pretio
2304 2451 2421 2494 locas
2449 2456 2494 2494 ut
2522 2463 2605 2494 uno
2638 2463 2747 2494 anno
2776 2463 2920 2494 romae

736 2527 900 2570 habites
934 2531 976 2569 et
1005 2527 1156 2569 uideas
1187 2528 1424 2581 spectacula
1457 2531 1498 2569 et
1530 2527 1727 2570 tenebras
1758 2529 1940 2570 inanium
1968 2528 2156 2570 ludorum
2188 2528 2258 2581 qui
2290 2528 2347 2569 ibi
2375 2528 2497 2579 fiunt3

873 2602 1064 2644 hortulus
1091 2619 1102 2644 ε
1133 2604 1179 2645 In
1212 2603 1347 2657 aliqua
1390 2603 1534 2645 harum
1572 2604 1783 2645 ciuitatum
1824 2603 1970 2645 melius
2000 2603 2153 2656 poteris
2196 2602 2384 2645 habitare
2427 2615 2546 2656 quam
2576 2614 2719 2644 romae
2752 2600 2846 2655 quia
2877 2600 2984 2646 inat)

736 2679 820 2721 illis
848 2678 1034 2733 spatiose
1068 2683 1216 2720 cuncta
1248 2679 1405 2732 poteris
1436 2679 1657 2732 possidere
1690 2679 1746 2719 ibi
1778 2683 1912 2720 autem
1944 2678 2234 2732 angustissime
2271 2682 2311 2719 ct
2341 2677 2422 2719 hoc
2453 2690 2544 2719 cum
2574 2688 2727 2731 magno
2756 2675 2892 2730 pretio
2910 2689 2923 2726 ;

874 2753 905 2781 θ
933 2751 1074 2793 breuis
1106 2768 1116 2794 :
1141 2764 1227 2794 non
1260 2752 1369 2794 altae
1397 2753 1702 2806 profunditatis.

876 2828 905 2854 ⁴*
936 2839 1014 2869 nec
1043 2831 1154 2868 reste
1187 2842 1196 2868 ε
1227 2826 1297 2868 ubi
1327 2839 1475 2881 aquam
1507 2840 1630 2870 manu
1660 2828 1812 2869 aurias.

874 2901 903 2927 ⁴*
934 2900 976 2940 in
1009 2904 1150 2941 tenues
1180 2915 1189 2941 :
1223 2900 1410 2943 holerum
1443 2901 1511 2944 uel
1545 2901 1740 2943 arborum
1772 2900 1865 2941 orti.

876 3104 932 3138 15.
967 3101 1128 3144 persicos
1155 3099 1212 3133 odi
1241 3110 1331 3144 puer
1357 3098 1395 3133 C.
